<?xml version="1.0" encoding="UTF-8"?>
<!DOCTYPE html PUBLIC "-//W3C//DTD XHTML 1.0 Transitional//EN"
    "http://www.w3.org/TR/xhtml1/DTD/xhtml1-transitional.dtd">
<html xmlns="http://www.w3.org/1999/xhtml" xml:lang="en" lang="en">
 <head>
  <title>
</title>
<meta http-equiv="Content-Type" content="text/html;charset=utf-8" />
  <meta name='ocr-system' content='tesseract 3.04.00' />
  <meta name='ocr-capabilities' content='ocr_page ocr_carea ocr_par ocr_line ocrx_word'/>
</head>
<body>
  <div class='ocr_page' id='page_1' title='image "./corpusscriptoru02berlgoog_0051.png"; bbox 0 0 2798 4898; ppageno 0'>
   <div class='ocr_carea' id='block_1_1' title="bbox 352 294 1244 367">
    <p class='ocr_par' dir='ltr' id='par_1_1' title="bbox 352 294 1244 367">
     <span class='ocr_line' id='line_1_1' title="bbox 352 294 1244 367; baseline 0.01 -11"><span class='ocrx_word' id='word_1_1' title='bbox 352 295 515 360; x_wconf 79' lang='lat' dir='ltr'><strong>nsvtnts</strong></span> <span class='ocrx_word' id='word_1_2' title='bbox 544 294 780 362; x_wconf 71' lang='lat' dir='ltr'><strong>flotsctffsu</strong></span> <span class='ocrx_word' id='word_1_3' title='bbox 806 296 1049 362; x_wconf 79' lang='lat' dir='ltr'><strong>PRAEFATIO.</strong></span> <span class='ocrx_word' id='word_1_4' title='bbox 1149 301 1244 367; x_wconf 76' lang='lat' dir='ltr'><strong>deil</strong></span> 
     </span>
    </p>
   </div>
   <div class='ocr_carea' id='block_1_2' title="bbox 149 478 1244 1458">
    <p class='ocr_par' dir='ltr' id='par_1_2' title="bbox 149 478 1244 1458">
     <span class='ocr_line' id='line_1_2' title="bbox 153 478 1244 566; baseline 0.007 -28"><span class='ocrx_word' id='word_1_5' title='bbox 153 479 272 561; x_wconf 84' lang='lat' dir='ltr'><strong>partim</strong></span> <span class='ocrx_word' id='word_1_6' title='bbox 306 478 419 541; x_wconf 87' lang='lat' dir='ltr'><strong>menda</strong></span> <span class='ocrx_word' id='word_1_7' title='bbox 442 480 564 542; x_wconf 85' lang='lat' dir='ltr'><strong>librarii</strong></span> <span class='ocrx_word' id='word_1_8' title='bbox 598 480 749 557; x_wconf 85' lang='lat' dir='ltr'><strong>tollendo,</strong></span> <span class='ocrx_word' id='word_1_9' title='bbox 784 482 897 562; x_wconf 87' lang='lat' dir='ltr'><strong>partim</strong></span> <span class='ocrx_word' id='word_1_10' title='bbox 930 484 1052 545; x_wconf 88' lang='lat' dir='ltr'><strong>lacunas</strong></span> <span class='ocrx_word' id='word_1_11' title='bbox 1081 484 1244 566; x_wconf 80' lang='lat' dir='ltr'><strong>explendo,</strong></span> 
     </span>
     <span class='ocr_line' id='line_1_3' title="bbox 153 580 1243 666; baseline 0.002 -27"><span class='ocrx_word' id='word_1_12' title='bbox 153 600 371 661; x_wconf 80' lang='lat' dir='ltr'><strong>nonnusquam</strong></span> <span class='ocrx_word' id='word_1_13' title='bbox 405 580 499 642; x_wconf 86' lang='lat' dir='ltr'><strong>etiam</strong></span> <span class='ocrx_word' id='word_1_14' title='bbox 520 581 607 642; x_wconf 81' lang='lat' dir='ltr'><strong>Notis</strong></span> <span class='ocrx_word' id='word_1_15' title='bbox 628 581 781 663; x_wconf 80' lang='lat' dir='ltr'><strong>quaedam</strong></span> <span class='ocrx_word' id='word_1_16' title='bbox 800 581 998 661; x_wconf 84' lang='lat' dir='ltr'><strong>illustrando,</strong></span> <span class='ocrx_word' id='word_1_17' title='bbox 1018 592 1172 666; x_wconf 85' lang='lat' dir='ltr'><strong>quantum</strong></span> <span class='ocrx_word' id='word_1_18' title='bbox 1192 588 1243 647; x_wconf 84' lang='lat' dir='ltr'><strong>iu.</strong></span> 
     </span>
     <span class='ocr_line' id='line_1_4' title="bbox 151 679 1244 767; baseline 0.009 -30"><span class='ocrx_word' id='word_1_19' title='bbox 151 679 236 759; x_wconf 77' lang='lat' dir='ltr'><strong>genii</strong></span> <span class='ocrx_word' id='word_1_20' title='bbox 257 680 390 740; x_wconf 87' lang='lat' dir='ltr'><strong>tennitas</strong></span> <span class='ocrx_word' id='word_1_21' title='bbox 418 691 464 742; x_wconf 89' lang='lat' dir='ltr'><strong>est</strong></span> <span class='ocrx_word' id='word_1_22' title='bbox 485 702 582 762; x_wconf 88' lang='lat' dir='ltr'><strong>passa,</strong></span> <span class='ocrx_word' id='word_1_23' title='bbox 604 681 819 762; x_wconf 69' lang='lat' dir='ltr'><strong>temporisque</strong></span> <span class='ocrx_word' id='word_1_24' title='bbox 847 683 993 763; x_wconf 79' lang='lat' dir='ltr'><strong>angustia,</strong></span> <span class='ocrx_word' id='word_1_25' title='bbox 1015 685 1143 767; x_wconf 90' lang='lat' dir='ltr'><strong>siquod</strong></span> <span class='ocrx_word' id='word_1_26' title='bbox 1165 704 1244 766; x_wconf 83' lang='lat' dir='ltr'><strong>ope·</strong></span> 
     </span>
     <span class='ocr_line' id='line_1_5' title="bbox 156 778 1242 859; baseline 0.007 -21"><span class='ocrx_word' id='word_1_27' title='bbox 156 800 211 839; x_wconf 88' lang='lat' dir='ltr'><strong>rae</strong></span> <span class='ocrx_word' id='word_1_28' title='bbox 233 779 371 859; x_wconf 88' lang='lat' dir='ltr'><strong>pretium</strong></span> <span class='ocrx_word' id='word_1_29' title='bbox 392 778 521 841; x_wconf 81' lang='lat' dir='ltr'><strong>candide</strong></span> <span class='ocrx_word' id='word_1_30' title='bbox 545 779 726 843; x_wconf 88' lang='lat' dir='ltr'><strong>iudicaturis</strong></span> <span class='ocrx_word' id='word_1_31' title='bbox 746 779 880 842; x_wconf 88' lang='lat' dir='ltr'><strong>videbor</strong></span> <span class='ocrx_word' id='word_1_32' title='bbox 900 783 1025 858; x_wconf 81' lang='lat' dir='ltr'><strong>iecisse,</strong></span> <span class='ocrx_word' id='word_1_33' title='bbox 1046 784 1157 845; x_wconf 86' lang='lat' dir='ltr'><strong>laboris</strong></span> <span class='ocrx_word' id='word_1_34' title='bbox 1177 805 1242 846; x_wconf 90' lang='lat' dir='ltr'><strong>nou</strong></span> 
     </span>
     <span class='ocr_line' id='line_1_6' title="bbox 152 862 1240 963; baseline 0.008 -26"><span class='ocrx_word' id='word_1_35' title='bbox 152 878 272 959; x_wconf 82' lang='lat' dir='ltr'>absque</span> <span class='ocrx_word' id='word_1_36' title='bbox 293 880 397 962; x_wconf 77' lang='lat' dir='ltr'><strong>magni</strong></span> <span class='ocrx_word' id='word_1_37' title='bbox 421 881 483 940; x_wconf 88' lang='lat' dir='ltr'><strong>viri</strong></span> <span class='ocrx_word' id='word_1_38' title='bbox 503 862 672 943; x_wconf 72' lang='lat' dir='ltr'><strong>autoritate</strong></span> <span class='ocrx_word' id='word_1_39' title='bbox 697 882 833 963; x_wconf 77' lang='lat' dir='ltr'><strong>smeepti</strong></span> <span class='ocrx_word' id='word_1_40' title='bbox 853 881 954 942; x_wconf 90' lang='lat' dir='ltr'><strong>miuus</strong></span> <span class='ocrx_word' id='word_1_41' title='bbox 976 903 1026 943; x_wconf 89' lang='lat' dir='ltr'><strong>me</strong></span> <span class='ocrx_word' id='word_1_42' title='bbox 1043 883 1240 963; x_wconf 81' lang='lat' dir='ltr'><strong>poenitebit3</strong></span> 
     </span>
     <span class='ocr_line' id='line_1_7' title="bbox 153 976 1241 1063; baseline 0.008 -26"><span class='ocrx_word' id='word_1_43' title='bbox 153 987 186 1038; x_wconf 91' lang='lat' dir='ltr'><strong>et</strong></span> <span class='ocrx_word' id='word_1_44' title='bbox 218 976 257 1037; x_wconf 88' lang='lat' dir='ltr'><strong>ad</strong></span> <span class='ocrx_word' id='word_1_45' title='bbox 278 979 354 1039; x_wconf 86' lang='lat' dir='ltr'><strong>aiios</strong></span> <span class='ocrx_word' id='word_1_46' title='bbox 377 981 544 1062; x_wconf 82' lang='lat' dir='ltr'><strong>scriptores</strong></span> <span class='ocrx_word' id='word_1_47' title='bbox 574 980 624 1042; x_wconf 82' lang='lat' dir='ltr'><strong>rel</strong></span> <span class='ocrx_word' id='word_1_48' title='bbox 649 981 798 1063; x_wconf 78' lang='lat' dir='ltr'><strong>integrius</strong></span> <span class='ocrx_word' id='word_1_49' title='bbox 829 991 925 1063; x_wconf 89' lang='lat' dir='ltr'><strong>atque</strong></span> <span class='ocrx_word' id='word_1_50' title='bbox 952 981 1163 1058; x_wconf 78' lang='lat' dir='ltr'><strong>emendatius,</strong></span> <span class='ocrx_word' id='word_1_51' title='bbox 1191 984 1241 1046; x_wconf 87' lang='lat' dir='ltr'><strong>vel</strong></span> 
     </span>
     <span class='ocr_line' id='line_1_8' title="bbox 152 1079 1241 1162; baseline 0.006 -26"><span class='ocrx_word' id='word_1_52' title='bbox 152 1079 247 1136; x_wconf 86' lang='lat' dir='ltr'><strong>etiam</strong></span> <span class='ocrx_word' id='word_1_53' title='bbox 272 1098 370 1141; x_wconf 85' lang='lat' dir='ltr'><strong>novos</strong></span> <span class='ocrx_word' id='word_1_54' title='bbox 390 1101 425 1141; x_wconf 87' lang='lat' dir='ltr'><strong>ex</strong></span> <span class='ocrx_word' id='word_1_55' title='bbox 446 1080 554 1143; x_wconf 89' lang='lat' dir='ltr'><strong>cadem</strong></span> <span class='ocrx_word' id='word_1_56' title='bbox 575 1091 676 1142; x_wconf 82' lang='lat' dir='ltr'><strong>vestra</strong></span> <span class='ocrx_word' id='word_1_57' title='bbox 698 1083 793 1153; x_wconf 79' lang='lat' dir='ltr'><strong>illust.</strong></span> <span class='ocrx_word' id='word_1_58' title='bbox 807 1081 887 1142; x_wconf 79' lang='lat' dir='ltr'><strong>Bitu</strong></span> <span class='ocrx_word' id='word_1_59' title='bbox 905 1080 1105 1162; x_wconf 83' lang='lat' dir='ltr'><strong>publicandas</strong></span> <span class='ocrx_word' id='word_1_60' title='bbox 1124 1082 1241 1144; x_wconf 81' lang='lat' dir='ltr'><strong>facilius</strong></span> 
     </span>
     <span class='ocr_line' id='line_1_9' title="bbox 153 1175 1241 1262; baseline 0.011 -30"><span class='ocrx_word' id='word_1_61' title='bbox 153 1175 321 1240; x_wconf 87' lang='lat' dir='ltr'><strong>invitabor.</strong></span> <span class='ocrx_word' id='word_1_62' title='bbox 363 1180 446 1241; x_wconf 83' lang='lat' dir='ltr'><strong>Deus</strong></span> <span class='ocrx_word' id='word_1_63' title='bbox 469 1182 545 1262; x_wconf 74' lang='lat' dir='ltr'><strong>opt.</strong></span> <span class='ocrx_word' id='word_1_64' title='bbox 566 1182 610 1240; x_wconf 89' lang='lat' dir='ltr'><strong>M.</strong></span> <span class='ocrx_word' id='word_1_65' title='bbox 630 1180 669 1241; x_wconf 96' lang='lat' dir='ltr'><strong>A.</strong></span> <span class='ocrx_word' id='word_1_66' title='bbox 681 1180 720 1241; x_wconf 80' lang='lat' dir='ltr'><strong>V.</strong></span> <span class='ocrx_word' id='word_1_67' title='bbox 740 1182 827 1241; x_wconf 88' lang='lat' dir='ltr'><strong>cuins</strong></span> <span class='ocrx_word' id='word_1_68' title='bbox 844 1179 984 1260; x_wconf 82' lang='lat' dir='ltr'><strong>ampioio</strong></span> <span class='ocrx_word' id='word_1_69' title='bbox 1003 1189 1036 1241; x_wconf 89' lang='lat' dir='ltr'><strong>et</strong></span> <span class='ocrx_word' id='word_1_70' title='bbox 1053 1180 1241 1244; x_wconf 86' lang='lat' dir='ltr'><strong>liberalitate</strong></span> 
     </span>
     <span class='ocr_line' id='line_1_10' title="bbox 150 1275 1240 1364; baseline 0.009 -30"><span class='ocrx_word' id='word_1_71' title='bbox 150 1275 313 1337; x_wconf 80' lang='lat' dir='ltr'>laboribus</span> <span class='ocrx_word' id='word_1_72' title='bbox 334 1277 368 1338; x_wconf 92' lang='lat' dir='ltr'><strong>id</strong></span> <span class='ocrx_word' id='word_1_73' title='bbox 389 1300 484 1360; x_wconf 77' lang='lat' dir='ltr'><strong>genus</strong></span> <span class='ocrx_word' id='word_1_74' title='bbox 503 1301 617 1339; x_wconf 81' lang='lat' dir='ltr'><strong>vacare</strong></span> <span class='ocrx_word' id='word_1_75' title='bbox 640 1300 788 1360; x_wconf 88' lang='lat' dir='ltr'><strong>possum,</strong></span> <span class='ocrx_word' id='word_1_76' title='bbox 815 1279 982 1342; x_wconf 84' lang='lat' dir='ltr'><strong>florentem</strong></span> <span class='ocrx_word' id='word_1_77' title='bbox 1002 1290 1098 1364; x_wconf 86' lang='lat' dir='ltr'><strong>atque</strong></span> <span class='ocrx_word' id='word_1_78' title='bbox 1117 1280 1240 1344; x_wconf 88' lang='lat' dir='ltr'><strong>incolu-</strong></span> 
     </span>
     <span class='ocr_line' id='line_1_11' title="bbox 149 1376 741 1458; baseline 0.007 -23"><span class='ocrx_word' id='word_1_79' title='bbox 149 1397 234 1436; x_wconf 89' lang='lat' dir='ltr'><strong>mem</strong></span> <span class='ocrx_word' id='word_1_80' title='bbox 255 1397 352 1458; x_wconf 89' lang='lat' dir='ltr'><strong>quam</strong></span> <span class='ocrx_word' id='word_1_81' title='bbox 376 1376 544 1440; x_wconf 79' lang='lat' dir='ltr'><strong>diutissime</strong></span> <span class='ocrx_word' id='word_1_82' title='bbox 565 1388 741 1440; x_wconf 85' lang='lat' dir='ltr'><strong>conservet.</strong></span> 
     </span>
    </p>
   </div>
   <div class='ocr_carea' id='block_1_3' title="bbox 194 1491 983 1760">
    <p class='ocr_par' dir='ltr' id='par_1_3' title="bbox 194 1491 983 1760">
     <span class='ocr_line' id='line_1_12' title="bbox 276 1491 764 1575; baseline 0.008 -25"><span class='ocrx_word' id='word_1_83' title='bbox 276 1491 431 1572; x_wconf 76' lang='lat' dir='ltr'><strong>Augustae</strong></span> <span class='ocrx_word' id='word_1_84' title='bbox 450 1493 543 1555; x_wconf 80' lang='lat' dir='ltr'><strong>vind.</strong></span> <span class='ocrx_word' id='word_1_85' title='bbox 564 1493 667 1575; x_wconf 85' lang='lat' dir='ltr'><strong>pridie</strong></span> <span class='ocrx_word' id='word_1_86' title='bbox 687 1495 764 1554; x_wconf 88' lang='lat' dir='ltr'><strong>Nou.</strong></span> 
     </span>
     <span class='ocr_line' id='line_1_13' title="bbox 194 1588 931 1670; baseline 0.016 -22"><span class='ocrx_word' id='word_1_87' title='bbox 194 1588 373 1670; x_wconf 76' lang='lat' dir='ltr'><strong>septembr.</strong></span> <span class='ocrx_word' id='word_1_88' title='bbox 396 1594 436 1656; x_wconf 88' lang='lat' dir='ltr'><strong>A.</strong></span> <span class='ocrx_word' id='word_1_89' title='bbox 459 1595 491 1658; x_wconf 88' lang='lat' dir='ltr'><strong>S.</strong></span> <span class='ocrx_word' id='word_1_90' title='bbox 515 1597 554 1656; x_wconf 87' lang='lat' dir='ltr'><strong>N.</strong></span> <span class='ocrx_word' id='word_1_91' title='bbox 576 1596 709 1664; x_wconf 81' lang='lat' dir='ltr'><strong>Mncx.</strong></span> <span class='ocrx_word' id='word_1_92' title='bbox 923 1643 931 1667; x_wconf 80' lang='grc'><strong>.</strong></span> 
     </span>
     <span class='ocr_line' id='line_1_14' title="bbox 784 1695 983 1760; baseline 0.02 -6"><span class='ocrx_word' id='word_1_93' title='bbox 784 1695 819 1755; x_wconf 90' lang='lat' dir='ltr'><strong>A.</strong></span> <span class='ocrx_word' id='word_1_94' title='bbox 861 1695 901 1756; x_wconf 88' lang='lat' dir='ltr'><strong>V.</strong></span> <span class='ocrx_word' id='word_1_95' title='bbox 944 1695 983 1760; x_wconf 90' lang='lat'><strong>0.</strong></span> 
     </span>
    </p>
   </div>
   <div class='ocr_carea' id='block_1_4' title="bbox 704 1810 1209 1878">
    <p class='ocr_par' dir='ltr' id='par_1_4' title="bbox 704 1810 1209 1878">
     <span class='ocr_line' id='line_1_15' title="bbox 704 1810 1209 1878; baseline 0.008 -6"><span class='ocrx_word' id='word_1_96' title='bbox 704 1811 835 1874; x_wconf 72' lang='lat' dir='ltr'><strong>Darsa</strong></span> <span class='ocrx_word' id='word_1_97' title='bbox 857 1810 1152 1878; x_wconf 79' lang='lat' dir='ltr'><strong>Rouscnaurus.</strong></span> <span class='ocrx_word' id='word_1_98' title='bbox 1176 1816 1209 1876; x_wconf 94' lang='lat' dir='ltr'><strong>A.</strong></span> 
     </span>
    </p>
   </div>
   <div class='ocr_carea' id='block_1_5' title="bbox 564 2033 821 2052">
    <p class='ocr_par' dir='ltr' id='par_1_5' title="bbox 564 2033 821 2052">
     <span class='ocr_line' id='line_1_16' title="bbox 564 2033 821 2052; baseline 0.008 -7"><span class='ocrx_word' id='word_1_99' title='bbox 564 2033 821 2052; x_wconf 41' lang='grc' dir='ltr'><strong>*Ἢ</strong></span> 
     </span>
    </p>
   </div>
   <div class='ocr_carea' id='block_1_6' title="bbox 439 2206 945 2293">
    <p class='ocr_par' dir='ltr' id='par_1_6' title="bbox 439 2206 945 2293">
     <span class='ocr_line' id='line_1_17' title="bbox 439 2206 945 2293; baseline -0.006 0"><span class='ocrx_word' id='word_1_100' title='bbox 439 2206 945 2293; x_wconf 77' lang='lat' dir='ltr'><strong>suaseroaan</strong></span> 
     </span>
    </p>
   </div>
   <div class='ocr_carea' id='block_1_7' title="bbox 147 2403 1301 4214">
    <p class='ocr_par' dir='ltr' id='par_1_7' title="bbox 147 2403 1301 3416">
     <span class='ocr_line' id='line_1_18' title="bbox 161 2403 1237 2518; baseline -0.005 -22"><span class='ocrx_word' id='word_1_101' title='bbox 161 2403 231 2498; x_wconf 81' lang='lat' dir='ltr'><strong>Ex</strong></span> <span class='ocrx_word' id='word_1_102' title='bbox 252 2431 427 2518; x_wconf 80' lang='lat' dir='ltr'><strong>quindecim</strong></span> <span class='ocrx_word' id='word_1_103' title='bbox 447 2431 559 2492; x_wconf 81' lang='lat' dir='ltr'><strong>Annae</strong></span> <span class='ocrx_word' id='word_1_104' title='bbox 579 2426 751 2490; x_wconf 84' lang='lat' dir='ltr'><strong>Comnenae</strong></span> <span class='ocrx_word' id='word_1_105' title='bbox 774 2429 1074 2514; x_wconf 76' lang='lat' dir='ltr'><strong>Porplryrogennetae</strong></span> <span class='ocrx_word' id='word_1_106' title='bbox 1105 2427 1237 2492; x_wconf 73' lang='lat' dir='ltr'><strong>Alema·</strong></span> 
     </span>
     <span class='ocr_line' id='line_1_19' title="bbox 147 2528 1235 2616; baseline -0.003 -21"><span class='ocrx_word' id='word_1_107' title='bbox 147 2535 196 2596; x_wconf 82' lang='lat' dir='ltr'><strong>dis</strong></span> <span class='ocrx_word' id='word_1_108' title='bbox 215 2535 310 2610; x_wconf 84' lang='lat' dir='ltr'><strong>libris,</strong></span> <span class='ocrx_word' id='word_1_109' title='bbox 331 2553 405 2616; x_wconf 80' lang='lat' dir='ltr'><strong>quos</strong></span> <span class='ocrx_word' id='word_1_110' title='bbox 426 2531 584 2591; x_wconf 83' lang='lat' dir='ltr'><strong>illustrium</strong></span> <span class='ocrx_word' id='word_1_111' title='bbox 604 2528 865 2591; x_wconf 77' lang='lat' dir='ltr'><strong>Bibliothecarum</strong></span> <span class='ocrx_word' id='word_1_112' title='bbox 889 2529 1031 2615; x_wconf 58' lang='lat' dir='ltr'><strong>catalogi</strong></span> <span class='ocrx_word' id='word_1_113' title='bbox 1044 2529 1161 2591; x_wconf 80' lang='lat' dir='ltr'><strong>dudum</strong></span> <span class='ocrx_word' id='word_1_114' title='bbox 1183 2532 1235 2592; x_wconf 85' lang='lat' dir='ltr'><strong>ia·</strong></span> 
     </span>
     <span class='ocr_line' id='line_1_20' title="bbox 148 2630 1236 2716; baseline -0.005 -21"><span class='ocrx_word' id='word_1_115' title='bbox 148 2647 245 2710; x_wconf 82' lang='lat' dir='ltr'><strong>etant,</strong></span> <span class='ocrx_word' id='word_1_116' title='bbox 269 2645 334 2695; x_wconf 86' lang='lat' dir='ltr'><strong>octo</strong></span> <span class='ocrx_word' id='word_1_117' title='bbox 354 2631 404 2692; x_wconf 80' lang='lat' dir='ltr'><strong>tic</strong></span> <span class='ocrx_word' id='word_1_118' title='bbox 424 2630 530 2690; x_wconf 87' lang='lat' dir='ltr'><strong>damus</strong></span> <span class='ocrx_word' id='word_1_119' title='bbox 546 2643 690 2713; x_wconf 85' lang='lat' dir='ltr'><strong>perpetuo</strong></span> <span class='ocrx_word' id='word_1_120' title='bbox 696 2631 774 2710; x_wconf 75' lang='lat' dir='ltr'><strong>sem</strong></span> <span class='ocrx_word' id='word_1_121' title='bbox 794 2630 972 2692; x_wconf 70' lang='lat' dir='ltr'><strong>tacturus:</strong></span> <span class='ocrx_word' id='word_1_122' title='bbox 995 2645 1067 2716; x_wconf 84' lang='lat' dir='ltr'><strong>quot</strong></span> <span class='ocrx_word' id='word_1_123' title='bbox 1086 2645 1116 2692; x_wconf 85' lang='lat' dir='ltr'><strong>et</strong></span> <span class='ocrx_word' id='word_1_124' title='bbox 1134 2631 1236 2715; x_wconf 84' lang='lat' dir='ltr'><strong>quales</strong></span> 
     </span>
     <span class='ocr_line' id='line_1_21' title="bbox 147 2728 1237 2814; baseline -0.003 -21"><span class='ocrx_word' id='word_1_125' title='bbox 147 2734 293 2794; x_wconf 87' lang='lat' dir='ltr'><strong>nimirum</strong></span> <span class='ocrx_word' id='word_1_126' title='bbox 313 2754 354 2793; x_wconf 78' lang='lat' dir='ltr'><strong>ea:</strong></span> <span class='ocrx_word' id='word_1_127' title='bbox 378 2730 558 2812; x_wconf 81' lang='lat' dir='ltr'><strong>Augautano</strong></span> <span class='ocrx_word' id='word_1_128' title='bbox 586 2731 773 2812; x_wconf 80' lang='lat' dir='ltr'><strong>aruograplro</strong></span> <span class='ocrx_word' id='word_1_129' title='bbox 794 2745 1025 2814; x_wconf 83' lang='lat' dir='ltr'><strong>repraesentare</strong></span> <span class='ocrx_word' id='word_1_130' title='bbox 1042 2733 1137 2793; x_wconf 84' lang='lat' dir='ltr'><strong>licuit.</strong></span> <span class='ocrx_word' id='word_1_131' title='bbox 1177 2728 1237 2791; x_wconf 86' lang='lat' dir='ltr'><strong>Sa·</strong></span> 
     </span>
     <span class='ocr_line' id='line_1_22' title="bbox 147 2830 1237 2893; baseline -0.002 -1"><span class='ocrx_word' id='word_1_132' title='bbox 147 2836 208 2893; x_wconf 79' lang='lat' dir='ltr'><strong>tim</strong></span> <span class='ocrx_word' id='word_1_133' title='bbox 229 2835 309 2893; x_wconf 86' lang='lat' dir='ltr'><strong>enim</strong></span> <span class='ocrx_word' id='word_1_134' title='bbox 336 2833 435 2892; x_wconf 86' lang='lat' dir='ltr'><strong>nisum</strong></span> <span class='ocrx_word' id='word_1_135' title='bbox 463 2852 525 2891; x_wconf 90' lang='lat' dir='ltr'><strong>rem</strong></span> <span class='ocrx_word' id='word_1_136' title='bbox 550 2830 732 2891; x_wconf 83' lang='lat' dir='ltr'><strong>litterariam</strong></span> <span class='ocrx_word' id='word_1_137' title='bbox 759 2831 842 2891; x_wconf 86' lang='lat' dir='ltr'><strong>nobis</strong></span> <span class='ocrx_word' id='word_1_138' title='bbox 868 2832 945 2892; x_wconf 80' lang='lat' dir='ltr'><strong>huna</strong></span> <span class='ocrx_word' id='word_1_139' title='bbox 973 2833 1126 2892; x_wconf 82' lang='lat' dir='ltr'><strong>semissem</strong></span> <span class='ocrx_word' id='word_1_140' title='bbox 1159 2851 1237 2890; x_wconf 88' lang='lat' dir='ltr'><strong>nune</strong></span> 
     </span>
     <span class='ocr_line' id='line_1_23' title="bbox 147 2927 1241 3016; baseline -0.002 -24"><span class='ocrx_word' id='word_1_141' title='bbox 147 2931 270 3016; x_wconf 85' lang='lat' dir='ltr'><strong>quidem</strong></span> <span class='ocrx_word' id='word_1_142' title='bbox 286 2930 411 3008; x_wconf 81' lang='lat' dir='ltr'><strong>delere,</strong></span> <span class='ocrx_word' id='word_1_143' title='bbox 437 2950 533 3014; x_wconf 88' lang='lat' dir='ltr'><strong>quam</strong></span> <span class='ocrx_word' id='word_1_144' title='bbox 562 2944 622 2992; x_wconf 84' lang='lat' dir='ltr'><strong>tota</strong></span> <span class='ocrx_word' id='word_1_145' title='bbox 651 2944 803 2992; x_wconf 85' lang='lat' dir='ltr'><strong>aeteruum</strong></span> <span class='ocrx_word' id='word_1_146' title='bbox 825 2952 940 2993; x_wconf 85' lang='lat' dir='ltr'><strong>carere.</strong></span> <span class='ocrx_word' id='word_1_147' title='bbox 989 2927 1191 3012; x_wconf 75' lang='lat' dir='ltr'><strong>integriorum</strong></span> <span class='ocrx_word' id='word_1_148' title='bbox 1211 2941 1241 2990; x_wconf 89' lang='lat' dir='ltr'><strong>et</strong></span> 
     </span>
     <span class='ocr_line' id='line_1_24' title="bbox 151 3029 1301 3116; baseline -0.004 -24"><span class='ocrx_word' id='word_1_149' title='bbox 151 3032 311 3092; x_wconf 73' lang='lat' dir='ltr'><strong>meliorum</strong></span> <span class='ocrx_word' id='word_1_150' title='bbox 331 3033 556 3116; x_wconf 77' lang='lat' dir='ltr'><strong>exemplarium</strong></span> <span class='ocrx_word' id='word_1_151' title='bbox 582 3032 718 3105; x_wconf 77' lang='lat' dir='ltr'><strong>domini,</strong></span> <span class='ocrx_word' id='word_1_152' title='bbox 739 3035 852 3093; x_wconf 75' lang='lat' dir='ltr'><strong>utinam</strong></span> <span class='ocrx_word' id='word_1_153' title='bbox 875 3030 1030 3094; x_wconf 64' lang='lat' dir='ltr'><strong>inutilium</strong></span> <span class='ocrx_word' id='word_1_154' title='bbox 1049 3051 1109 3091; x_wconf 91' lang='lat' dir='ltr'><strong>non</strong></span> <span class='ocrx_word' id='word_1_155' title='bbox 1117 3029 1238 3108; x_wconf 84' lang='lat' dir='ltr'><strong>serant,</strong></span> <span class='ocrx_word' id='word_1_156' title='bbox 1298 3059 1301 3071; x_wconf 93' lang='lat'>·</span> 
     </span>
     <span class='ocr_line' id='line_1_25' title="bbox 149 3127 1238 3215; baseline -0.004 -25"><span class='ocrx_word' id='word_1_157' title='bbox 149 3144 179 3190; x_wconf 83' lang='lat' dir='ltr'><strong>et</strong></span> <span class='ocrx_word' id='word_1_158' title='bbox 196 3131 358 3191; x_wconf 84' lang='lat' dir='ltr'><strong>luminibus</strong></span> <span class='ocrx_word' id='word_1_159' title='bbox 379 3134 487 3192; x_wconf 86' lang='lat' dir='ltr'><strong>uostris</strong></span> <span class='ocrx_word' id='word_1_160' title='bbox 497 3132 720 3215; x_wconf 86' lang='lat' dir='ltr'><strong>quamprimum</strong></span> <span class='ocrx_word' id='word_1_161' title='bbox 731 3132 895 3192; x_wconf 82' lang='lat' dir='ltr'><strong>obstruant.</strong></span> <span class='ocrx_word' id='word_1_162' title='bbox 940 3127 1238 3190; x_wconf 80' lang='lat' dir='ltr'><strong>Praestantissimum</strong></span> 
     </span>
     <span class='ocr_line' id='line_1_26' title="bbox 149 3227 1238 3312; baseline -0.002 -24"><span class='ocrx_word' id='word_1_163' title='bbox 149 3232 283 3291; x_wconf 84' lang='lat' dir='ltr'><strong>Fabrmn</strong></span> <span class='ocrx_word' id='word_1_164' title='bbox 312 3231 436 3312; x_wconf 82' lang='lat' dir='ltr'><strong>Regium</strong></span> <span class='ocrx_word' id='word_1_165' title='bbox 469 3231 592 3302; x_wconf 76' lang='lat' dir='ltr'><strong>Tolosae</strong></span> <span class='ocrx_word' id='word_1_166' title='bbox 621 3244 786 3292; x_wconf 81' lang='lat' dir='ltr'><strong>senatorem</strong></span> <span class='ocrx_word' id='word_1_167' title='bbox 823 3230 1001 3290; x_wconf 82' lang='lat' dir='ltr'><strong>nominatim</strong></span> <span class='ocrx_word' id='word_1_168' title='bbox 1029 3227 1238 3311; x_wconf 80' lang='lat' dir='ltr'><strong>appellamus,</strong></span> 
     </span>
     <span class='ocr_line' id='line_1_27' title="bbox 149 3329 1042 3416; baseline -0.003 -27"><span class='ocrx_word' id='word_1_169' title='bbox 149 3331 236 3416; x_wconf 80' lang='lat' dir='ltr'><strong>apud</strong></span> <span class='ocrx_word' id='word_1_170' title='bbox 253 3352 343 3415; x_wconf 87' lang='lat' dir='ltr'><strong>quem</strong></span> <span class='ocrx_word' id='word_1_171' title='bbox 365 3331 471 3410; x_wconf 80' lang='lat' dir='ltr'><strong>magni</strong></span> <span class='ocrx_word' id='word_1_172' title='bbox 495 3331 617 3391; x_wconf 84' lang='lat' dir='ltr'><strong>Caiacii</strong></span> <span class='ocrx_word' id='word_1_173' title='bbox 637 3331 772 3391; x_wconf 85' lang='lat' dir='ltr'><strong>codicem</strong></span> <span class='ocrx_word' id='word_1_174' title='bbox 792 3343 920 3390; x_wconf 83' lang='lat' dir='ltr'><strong>exstare</strong></span> <span class='ocrx_word' id='word_1_175' title='bbox 945 3329 1042 3387; x_wconf 83' lang='lat' dir='ltr'><strong>aiunt.</strong></span> 
     </span>
    </p>

    <p class='ocr_par' dir='ltr' id='par_1_8' title="bbox 148 3427 1250 4214">
     <span class='ocr_line' id='line_1_28' title="bbox 233 3427 1242 3514; baseline -0.001 -23"><span class='ocrx_word' id='word_1_176' title='bbox 233 3430 332 3491; x_wconf 85' lang='lat' dir='ltr'><strong>Porro</strong></span> <span class='ocrx_word' id='word_1_177' title='bbox 354 3429 555 3514; x_wconf 76' lang='lat' dir='ltr'><strong>Annaefidei</strong></span> <span class='ocrx_word' id='word_1_178' title='bbox 576 3431 744 3514; x_wconf 87' lang='lat' dir='ltr'><strong>periculam</strong></span> <span class='ocrx_word' id='word_1_179' title='bbox 772 3432 806 3490; x_wconf 83' lang='lat' dir='ltr'><strong>in</strong></span> <span class='ocrx_word' id='word_1_180' title='bbox 826 3449 874 3489; x_wconf 87' lang='lat' dir='ltr'><strong>me</strong></span> <span class='ocrx_word' id='word_1_181' title='bbox 893 3448 954 3488; x_wconf 87' lang='lat' dir='ltr'><strong>non</strong></span> <span class='ocrx_word' id='word_1_182' title='bbox 976 3427 1097 3510; x_wconf 84' lang='lat' dir='ltr'><strong>recipio,</strong></span> <span class='ocrx_word' id='word_1_183' title='bbox 1117 3430 1242 3490; x_wconf 85' lang='lat' dir='ltr'><strong>memini</strong></span> 
     </span>
     <span class='ocr_line' id='line_1_29' title="bbox 149 3526 1250 3624; baseline 0.003 -36"><span class='ocrx_word' id='word_1_184' title='bbox 149 3528 235 3614; x_wconf 82' lang='lat' dir='ltr'><strong>apud</strong></span> <span class='ocrx_word' id='word_1_185' title='bbox 256 3527 420 3611; x_wconf 82' lang='lat' dir='ltr'><strong>Vopiscum</strong></span> <span class='ocrx_word' id='word_1_186' title='bbox 440 3530 545 3610; x_wconf 80' lang='lat' dir='ltr'><strong>legere,</strong></span> <span class='ocrx_word' id='word_1_187' title='bbox 567 3529 720 3591; x_wconf 88' lang='lat' dir='ltr'><strong>nemiuem</strong></span> <span class='ocrx_word' id='word_1_188' title='bbox 734 3528 938 3610; x_wconf 85' lang='lat' dir='ltr'><strong>scriptorum,</strong></span> <span class='ocrx_word' id='word_1_189' title='bbox 961 3538 1110 3612; x_wconf 88' lang='lat' dir='ltr'><strong>quantum</strong></span> <span class='ocrx_word' id='word_1_190' title='bbox 1131 3527 1170 3591; x_wconf 87' lang='lat' dir='ltr'><strong>ad</strong></span> <span class='ocrx_word' id='word_1_191' title='bbox 1189 3526 1250 3624; x_wconf 37' lang='lat' dir='ltr'><strong>hie</strong></span> 
     </span>
     <span class='ocr_line' id='line_1_30' title="bbox 148 3629 1238 3719; baseline 0 -30"><span class='ocrx_word' id='word_1_192' title='bbox 148 3629 281 3690; x_wconf 79' lang='lat' dir='ltr'><strong>storiam</strong></span> <span class='ocrx_word' id='word_1_193' title='bbox 304 3630 449 3710; x_wconf 89' lang='lat' dir='ltr'><strong>pertinet,</strong></span> <span class='ocrx_word' id='word_1_194' title='bbox 475 3651 537 3690; x_wconf 90' lang='lat' dir='ltr'><strong>nou</strong></span> <span class='ocrx_word' id='word_1_195' title='bbox 559 3630 677 3712; x_wconf 84' lang='lat' dir='ltr'><strong>aliquid</strong></span> <span class='ocrx_word' id='word_1_196' title='bbox 703 3650 767 3690; x_wconf 87' lang='lat' dir='ltr'><strong>esse</strong></span> <span class='ocrx_word' id='word_1_197' title='bbox 790 3631 967 3690; x_wconf 80' lang='lat' dir='ltr'><strong>mentitum:</strong></span> <span class='ocrx_word' id='word_1_198' title='bbox 990 3650 1056 3719; x_wconf 80' lang='lat' dir='ltr'><strong>cum</strong></span> <span class='ocrx_word' id='word_1_199' title='bbox 1076 3631 1238 3692; x_wconf 70' lang='lat' dir='ltr'><strong>renuntio·</strong></span> 
     </span>
     <span class='ocr_line' id='line_1_31' title="bbox 148 3727 1239 3811; baseline -0.002 -22"><span class='ocrx_word' id='word_1_200' title='bbox 148 3729 237 3791; x_wconf 74' lang='lat' dir='ltr'><strong>rubus</strong></span> <span class='ocrx_word' id='word_1_201' title='bbox 260 3728 417 3789; x_wconf 84' lang='lat' dir='ltr'><strong>incaluere</strong></span> <span class='ocrx_word' id='word_1_202' title='bbox 439 3730 550 3809; x_wconf 89' lang='lat' dir='ltr'><strong>animi,</strong></span> <span class='ocrx_word' id='word_1_203' title='bbox 574 3727 699 3809; x_wconf 73' lang='lat' dir='ltr'><strong>difficile</strong></span> <span class='ocrx_word' id='word_1_204' title='bbox 720 3729 881 3790; x_wconf 84' lang='lat' dir='ltr'><strong>ueritatem</strong></span> <span class='ocrx_word' id='word_1_205' title='bbox 902 3742 979 3793; x_wconf 84' lang='lat' dir='ltr'><strong>recto</strong></span> <span class='ocrx_word' id='word_1_206' title='bbox 1005 3729 1096 3811; x_wconf 14' lang='lat' dir='ltr'><strong>oculo,</strong></span> <span class='ocrx_word' id='word_1_207' title='bbox 1111 3740 1239 3804; x_wconf 71' lang='lat' dir='ltr'><strong>tacentur,</strong></span> 
     </span>
     <span class='ocr_line' id='line_1_32' title="bbox 149 3828 1239 3916; baseline 0.001 -30"><span class='ocrx_word' id='word_1_208' title='bbox 149 3841 178 3888; x_wconf 84' lang='lat' dir='ltr'><strong>et</strong></span> <span class='ocrx_word' id='word_1_209' title='bbox 196 3829 256 3889; x_wconf 75' lang='lat' dir='ltr'><strong>nia</strong></span> <span class='ocrx_word' id='word_1_210' title='bbox 277 3840 320 3889; x_wconf 89' lang='lat' dir='ltr'><strong>est</strong></span> <span class='ocrx_word' id='word_1_211' title='bbox 342 3829 415 3908; x_wconf 81' lang='lat' dir='ltr'><strong>quin</strong></span> <span class='ocrx_word' id='word_1_212' title='bbox 435 3828 557 3910; x_wconf 82' lang='lat' dir='ltr'><strong>aliquid</strong></span> <span class='ocrx_word' id='word_1_213' title='bbox 574 3831 701 3912; x_wconf 84' lang='lat' dir='ltr'><strong>patriae</strong></span> <span class='ocrx_word' id='word_1_214' title='bbox 722 3842 751 3888; x_wconf 85' lang='lat' dir='ltr'><strong>et</strong></span> <span class='ocrx_word' id='word_1_215' title='bbox 768 3830 955 3916; x_wconf 83' lang='lat' dir='ltr'><strong>propinquis,</strong></span> <span class='ocrx_word' id='word_1_216' title='bbox 984 3831 1064 3892; x_wconf 82' lang='lat' dir='ltr'><strong>inter</strong></span> <span class='ocrx_word' id='word_1_217' title='bbox 1084 3849 1159 3915; x_wconf 84' lang='lat' dir='ltr'><strong>quos</strong></span> <span class='ocrx_word' id='word_1_218' title='bbox 1172 3845 1239 3911; x_wconf 87' lang='lat' dir='ltr'><strong>pa-</strong></span> 
     </span>
     <span class='ocr_line' id='line_1_33' title="bbox 149 3927 1238 4017; baseline -0.002 -31"><span class='ocrx_word' id='word_1_219' title='bbox 149 3942 195 3986; x_wconf 87' lang='lat' dir='ltr'><strong>ter</strong></span> <span class='ocrx_word' id='word_1_220' title='bbox 211 3927 315 4009; x_wconf 89' lang='lat' dir='ltr'><strong>primo</strong></span> <span class='ocrx_word' id='word_1_221' title='bbox 337 3927 413 4008; x_wconf 83' lang='lat' dir='ltr'><strong>loco,</strong></span> <span class='ocrx_word' id='word_1_222' title='bbox 435 3928 612 4005; x_wconf 84' lang='lat' dir='ltr'><strong>concedant,</strong></span> <span class='ocrx_word' id='word_1_223' title='bbox 631 3928 658 3988; x_wconf 88' lang='lat' dir='ltr'><strong>si</strong></span> <span class='ocrx_word' id='word_1_224' title='bbox 682 3931 1028 4017; x_wconf 77' lang='lat' dir='ltr'><strong>pracserumsocmiuae</strong></span> <span class='ocrx_word' id='word_1_225' title='bbox 1057 3948 1164 3989; x_wconf 76' lang='lat' dir='ltr'><strong>ananus</strong></span> <span class='ocrx_word' id='word_1_226' title='bbox 1186 3946 1238 3986; x_wconf 88' lang='lat' dir='ltr'><strong>ca·</strong></span> 
     </span>
     <span class='ocr_line' id='line_1_34' title="bbox 149 4026 1239 4106; baseline 0.002 -20"><span class='ocrx_word' id='word_1_227' title='bbox 149 4026 267 4087; x_wconf 85' lang='lat' dir='ltr'><strong>lamam</strong></span> <span class='ocrx_word' id='word_1_228' title='bbox 288 4028 389 4090; x_wconf 77' lang='lat' dir='ltr'><strong>duaa.</strong></span> <span class='ocrx_word' id='word_1_229' title='bbox 432 4029 496 4090; x_wconf 89' lang='lat' dir='ltr'><strong>Hic</strong></span> <span class='ocrx_word' id='word_1_230' title='bbox 517 4043 562 4090; x_wconf 88' lang='lat' dir='ltr'><strong>est</strong></span> <span class='ocrx_word' id='word_1_231' title='bbox 568 4027 822 4106; x_wconf 76' lang='lat' dir='ltr'><strong>foedissimorum</strong></span> <span class='ocrx_word' id='word_1_232' title='bbox 849 4031 1148 4106; x_wconf 84' lang='lat' dir='ltr'><strong>convitiorumsons,</strong></span> <span class='ocrx_word' id='word_1_233' title='bbox 1169 4026 1239 4105; x_wconf 77' lang='lat' dir='ltr'><strong>qui-</strong></span> 
     </span>
     <span class='ocr_line' id='line_1_35' title="bbox 150 4120 1239 4214; baseline -0.002 -27"><span class='ocrx_word' id='word_1_234' title='bbox 150 4125 200 4188; x_wconf 86' lang='lat' dir='ltr'><strong>bus</strong></span> <span class='ocrx_word' id='word_1_235' title='bbox 220 4127 316 4189; x_wconf 78' lang='lat' dir='ltr'><strong>Anam</strong></span> <span class='ocrx_word' id='word_1_236' title='bbox 337 4128 485 4192; x_wconf 84' lang='lat' dir='ltr'><strong>interdum</strong></span> <span class='ocrx_word' id='word_1_237' title='bbox 514 4131 696 4210; x_wconf 78' lang='lat' dir='ltr'><strong>muliebriter</strong></span> <span class='ocrx_word' id='word_1_238' title='bbox 709 4135 741 4194; x_wconf 88' lang='lat' dir='ltr'><strong>iu</strong></span> <span class='ocrx_word' id='word_1_239' title='bbox 768 4133 902 4212; x_wconf 79' lang='lat' dir='ltr'><strong>Latmos,</strong></span> <span class='ocrx_word' id='word_1_240' title='bbox 925 4120 1121 4214; x_wconf 77' lang='lat' dir='ltr'><strong>Poniificem,</strong></span> <span class='ocrx_word' id='word_1_241' title='bbox 1141 4125 1239 4188; x_wconf 85' lang='lat' dir='ltr'><strong>alios-</strong></span> 
     </span>
    </p>
   </div>
   <div class='ocr_carea' id='block_1_8' title="bbox 0 0 1404 4898">
    <p class='ocr_par' dir='ltr' id='par_1_9' title="bbox 0 0 1404 4898">
     <span class='ocr_line' id='line_1_36' title="bbox 0 0 1404 4898; baseline 0 0"><span class='ocrx_word' id='word_1_242' title='bbox 0 0 1404 4898; x_wconf 95' lang='lat' dir='ltr'><strong> </strong></span> 
     </span>
    </p>
   </div>
  </div>
 </body>
</html>
