2798 4898
584 304 822 369 Puttrtuo.
1197 310 1241 373 11

255 443 306 518 bc
328 447 487 542 primum
509 445 663 543 quidem
684 445 820 518 codicis
841 443 1049 519 Coisliniani
1073 447 1243 521 lectioni·

156 572 224 642 bus
248 595 331 640 usus
354 596 449 663 sum,
475 595 565 667 quas
582 569 871 641 lllontlauconius
893 572 932 641 in
947 571 1122 643 Bibliotb.
1138 568 1242 667 Cois-

146 695 216 781 1111.
237 691 406 791 Catalogo
433 721 472 792 p.
497 700 581 766 521.
597 718 679 791 sqq.
706 692 882 790 prodidit.
907 692 1053 789 Codex,
1068 698 1121 767 'ut
1140 688 1241 769 idem

150 794 288 914 111425.
306 817 427 911 docet,
451 819 750 889 membranaceus
772 831 838 910 est,
864 815 936 887 llll.
961 792 1105 912 saeeuli,
1127 819 1237 891 lolio-

153 965 234 1012 rum
253 936 339 1012 247.
389 943 523 1038 Incipit
546 966 569 1013 a
593 942 712 1012 verbis
736 939 832 1012 Libr.
854 939 880 1010 l.
907 963 939 1010 c.
959 941 1017 1012 16.
1037 946 1238 1036 p.75,12.:

150 1065 295 1156 μᾶλλον
328 1070 465 1136 τοῦτον
503 1064 573 1135 τὸν
600 1065 817 1134 κατάπλουν
848 1059 996 1133 ἐκείνου.
1055 1065 1240 1139 Postrema

150 1188 236 1260 lolia
262 1188 380 1260 lacera
408 1202 516 1282 sunt,
548 1189 615 1259 etsi
647 1189 837 1263 continent
868 1186 1071 1284 quaedam,
1107 1189 1240 1285 quibus

149 1310 317 1405 lacunas,
341 1336 437 1409 quas
461 1311 575 1383 editio
600 1312 762 1382 Parisina
786 1311 825 1380 in
848 1309 923 1380 fine
947 1309 1070 1403 habet,
1093 1311 1236 1407 explere

150 1434 433 1532 quodammodo
448 1436 610 1530 contigit
631 1435 705 1506 Nec
721 1434 841 1503 minus
863 1433 902 1503 in
923 1433 1001 1503 aliis
1012 1435 1101 1505 locis
1113 1433 1238 1505 Coisli-

149 1560 285 1661 nianus
306 1557 474 1650 duobus,
498 1559 631 1653 quib'us
665 1558 724 1628 illa
758 1557 902 1648 nititur,
933 1555 1121 1628 codicibus
1143 1559 1239 1629 inte-

150 1682 252 1775 grior
289 1693 361 1772 est,
391 1680 640 1777 lectionesque
669 1679 877 1776 suppeditat
901 1680 1091 1772 meliores,
1121 1694 1158 1751 et
1180 1704 1240 1753 cas

151 1802 343 1898 proprias,
374 1803 508 1898 quibus
540 1804 683 1874 bonitas
708 1803 791 1873 libri
817 1804 952 1874 censeri
977 1816 1108 1899 potest.
1169 1804 1238 1875 Ve-

150 1950 235 1995 rum
256 1939 380 1995 tamen
401 1924 588 1995 latendum
601 1940 666 2019 est,
692 1925 849 1997 eundem
866 1951 908 1997 ex
932 1940 1091 2023 utroque
1109 1951 1240 2023 genere

149 2048 235 2118 vitia
260 2048 397 2119 habere
424 2073 493 2119 nee
516 2049 624 2143 levia,
654 2074 723 2123 nec
757 2075 910 2121 numero
935 2074 1074 2145 pauca,
1099 2076 1195 2147 quae
1208 2075 1240 2123 -a

149 2171 299 2267 reliquis
333 2171 446 2243 senne
482 2173 625 2244 absunt
692 2171 794 2245 Unde
829 2186 997 2269 apparet,
1031 2174 1153 2244 miuus
1185 2174 1238 2247 rei

149 2308 433 2366 consentaneum
471 2321 567 2389 esse,
596 2297 626 2368 si
660 2297 743 2393 quis
764 2295 941 2368 Alexiadis
972 2295 1136 2390 codices,
1169 2297 1235 2392 qui
1274 2370 1276 2374 Α

149 2416 301 2514 quidem
330 2419 520 2515 bucusque
552 2420 767 2512 innotuere,
803 2445 846 2489 cx
880 2417 1121 2513 Coisliniano,
1152 2432 1236 2491 tan·

150 2566 263 2638 quam
297 2544 531 2614 ecommnni
556 2543 675 2637 sonte,
709 2544 852 2615 fluxisse
875 2555 1015 2615 statuat.
1040 2541 1119 2615 Vid.
1144 2542 1237 2615 Wil—

151 2666 234 2737 ken.
260 2668 348 2737 Hist.
374 2665 503 2738 Comn.
528 2667 663 2764 p.xv1.

249 2791 418 2862 Proxime
449 2791 497 2863 ad
527 2792 628 2863 hune
662 2791 803 2865 accedit
826 2790 1086 2890 Apographum
1110 2790 1237 2863 Annae

150 2910 372 3008 Comnenae,
397 2914 500 3012 quod
525 2916 617 2986 mihi
639 2917 693 2988 vir
716 2917 880 3011 eximius,
900 2917 969 2989 lae.
985 2915 1143 3007 Geelius,
1166 2940 1237 3011 pro

151 3038 319 3133 singulari
344 3063 408 3110 sua
427 3064 510 3136 erga
535 3064 595 3110 me
618 3041 872 3112 benevolentia
896 3041 1106 3139 litterasque
1132 3035 1239 3109 adiu-

151 3160 261 3232 randi
293 3161 437 3255 studio,
472 3188 515 3233 ex
537 3164 761 3235 bibliotheca
784 3162 951 3234 Leidensi
984 3160 1237 3256 suppeditavit.

151 3282 362 3357 Confecerat
387 3285 426 3357 id
449 3265 607 3357 olim'lo.
632 3286 726 3358 Frid.
742 3287 960 3376 Gronovius,
978 3283 1118 3353 cumin
1140 3283 1241 3357 tutia

152 3432 184 3479 a.
214 3405 320 3482 1641.
346 3413 663 3504 commorabatur,
694 3411 827 3508 partim
852 3431 933 3500 sua,
964 3405 1097 3504 partim
1122 3406 1240 3479 aliena

150 3556 283 3627 manu,
309 3558 354 3603 co
381 3536 556 3628 consilio,
576 3549 618 3607 ut
643 3558 737 3632 opus
759 3529 873 3624 illud,
898 3529 1000 3627 quod
1025 3532 1134 3603 etiam
1159 3544 1238 3603 uim

153 3655 333 3728 ineditum
360 3670 449 3748 crat,
472 3658 512 3727 in
532 3657 652 3727 lucem
674 3656 862 3753 proferret
901 3654 949 3727 Ex
971 3654 1100 3727 itinere
1117 3666 1238 3725 autem

152 3778 283 3874 redux,
307 3779 398 3853 dum
423 3794 617 3875 apparatus
639 3780 753 3851 critici
778 3781 1084 3876 supplementum,
1107 3776 1239 3849 aLuca

151 3903 339 3976 llolstenio
377 3905 446 4000 ipsi
483 3904 723 4000 promissum,
759 3919 959 4002 exspectat,
992 3924 1239 4000 praepropera

150 4023 332 4098 festinatio
360 4027 501 4099 Possini
536 4027 833 4123 necopinantem,
872 4054 948 4100 non
985 4026 1065 4097 sine
1105 4018 1240 4092 fraudis

153 4150 382 4246 suspicione,
406 4152 619 4246 antevertit,
653 4166 688 4225 et
712 4153 892 4252 propositi
926 4143 1167 4244 exsequendi,
1199 4155 1240 4215 ut
