2798 4898
501 276 754 380 ,ειιεεεετιο
1125 286 1181 347 xv

87 442 159 509 τοῦ
177 430 431 531 Βαῖμούνδου·
483 437 547 508 καὶ
571 436 697 509 ὁπόσα
730 441 1063 536 ἐπραγματεύσατο
1086 441 1184 512 κατὰ

86 555 159 631 τοῦ
181 554 362 657 βασιλέως
384 560 453 642 τὴν
476 558 675 657 βασιλείαν
698 561 867 658 γορεύων·
890 556 1061 643 καλόπος
1086 564 1183 655 μετὰ
1302 646 1308 657 Ι

38 696 47 706 “
86 684 259 782 πονηρίας
284 680 451 782 ἐξέφυγε*
476 684 538 755 καὶ
563 685 609 765 ὡς
632 682 756 778 νεκρὸς
781 684 829 764 εἰς
851 684 918 764 τὴν
942 685 1089 784 κορυφὼ
1115 712 1180 756 κα·

87 808 259 906 τέλαβεν,
288 798 356 888 ἤδη
382 805 605 903 ἐγράφησαν.
666 799 810 898 Λεγέτω
836 795 877 874 δὲ
902 803 965 873 καὶ
988 800 1064 875 ὅσα
1087 806 1183 899 μετὰ

90 929 216 1006 ταῦτα
241 932 453 1032 εἰργάσατο.
505 931 602 1002 Folia
625 931 754 1033 implet
766 927 952 1022 undecim,
977 926 1181 1028 desinitque
1253 930 1256 937 ’

92 1058 132 1128 in
156 1056 248 1128 haee
271 1055 401 1127 verba:
427 1053 448 1122 ὁ
478 1049 652 1149 βασιλεὺς
682 1045 724 1121 δὲ
749 1050 986 1147 φρονήματος
1007 1044 1054 1122 όν
1077 1054 1182 1147 μεγύ.

17 1248 23 1261 ,
91 1178 179 1261 λου,
203 1176 266 1248 καί
289 1177 415 1274 ψυχὴν
441 1169 661 1274 οἷνανδρείαν
685 1175 820 1260 (immo
853 1168 1047 1269 ἀνδρείαν)
1071 1168 1183 1273 ἔχων,

87 1298 247 1369 λύοιντὸ
269 1293 446 1390 ὑπόδημα
471 1293 608 1382 αὐτοῦ,
632 1295 676 1365 ού
702 1295 934 1376 συνεστάλη·
984 1299 1071 1369 ἀλλ’
1095 1294 1182 1372 εἶπε·

89 1420 180 1518 πρὸς
190 1420 237 1492 τὸ
254 1422 376 1519 παρὸν
395 1418 437 1503 ἂς
451 1422 640 1514 ὑπάγωμεν
654 1415 718 1491 ἵνα
732 1420 920 1518 φάγωμεν·
947 1419 1009 1490 καὶ
1023 1422 1075 1491 τὰ
1087 1426 1183 1496 κατὰ

87 1540 409 1637 τοῦΒαῐμοόνδοο
423 1544 535 1615 πάλιν
557 1539 620 1613 ἵνα
644 1539 873 1634 σκεψοίμεθα.
901 1544 1079 1616 Proximis
1092 1545 1184 1619 toliis

91 1663 312 1762 quindecim
338 1665 545 1735 continetur
558 1664 725 1760 Epitome
749 1664 955 1759 tibrixllt.,
979 1666 1055 1738 hoe
1065 1669 1184 1742 titulo:

91 1785 1185 1875 AAEEIACTPICKAIAEKATH.1nitiumest:'ugente
1277 1802 1282 1812 “
1324 1795 1329 1803 ’

88 1935 212 2004 γησαν
235 1913 305 2004 μὲν
322 1905 390 1983 οὖν
408 1906 565 1994 ἅπαντες
589 1911 657 1993 τὴν
677 1908 848 2011 α’νδρείαν
864 1911 927 1984 καὶ
947 1914 1014 1995 τὴν
1032 1913 1184 2012 στερρό-

84 2060 189 2116 τητα
201 2038 265 2115 τῆς
282 2029 353 2103 τοῦ
366 2026 545 2129 βασιλύὼς
557 2026 696 2129 ψυχῆς·
721 2032 836 2114 αύτός
851 2029 893 2105 δὲ
912 2034 1003 2105 τότε
1021 2034 1112 2132 πρὸς
1136 2035 1185 2106 τὰ

87 2159 290 2250 μηνύματα
306 2161 428 2228 ἐκεῖνα
447 2155 491 2226 ού
511 2155 804 2256 κατεφρόνησεν·
831 2153 916 2227 ἀλλ’
938 2153 1077 2229 ἔσωθεν
1101 2159 1183 2257 περὶ

89 2282 160 2352 τὸν
181 2282 360 2376 λογισμὸν
376 2279 495 2351 αύτου
480 2276 692 2362 ‘'noiiizv
659 2308 739 2418 ειχε
756 2281 823 2364 την
838 2283 1019 2381 ταραχην.
1058 2279 1178 2356 διελο-

91 2403 226 2500 γίσατο
246 2398 312 2478 οὖν
333 2401 397 2477 ἵνα
418 2400 544 2490 ἐξέλὲη
570 2404 645 2475 α’πὸ
670 2402 734 2487 τῆς
755 2404 908 2489 πόλεως·
965 2406 1029 2477 καὶ
1056 2372 1189 2478 ταῦτα

92 2554 157 2599 και
181 2531 219 2599 ἑν
242 2554 288 2626 τη
274 2523 420 2598 πόλει
443 2525 533 2599 τότε
565 2522 824 2626 πρόγματα
803 2554 897 2600 οντα
927 2534 1094 2627 ταραχῆς
1124 2529 1181 2625 γέ-

93 2675 230 2745 μοντα·
279 2645 373 2746 ὅμως
397 2646 744 2752 ἑξασφαλισοίμενος
768 2653 883 2735 καλῶς
895 2653 947 2724 τὰ
971 2656 1010 2725 ἐν
1033 2659 1085 2749 τῷ
1107 2680 1180 2725 πα-

93 2774 210 2870 λατίιρ
233 2774 297 2846 καὶ
329 2774 380 2846 τὰ
414 2781 477 2858 τῆς
501 2775 654 2862 πόλεως,
687 2773 751 2846 καὶ
778 2777 827 2859 είς
853 2773 1014 2874 φύλαξιν
1038 2779 1179 2851 τούτων

93 2897 322 2991 καταλείψας
351 2901 419 2972 τὸν
450 2901 564 2996 μέγαν
596 2897 808 3000 δρογγάριον
839 2907 909 2976 τοῦ
937 2901 1078 2974 στόλου
1110 2903 1179 2974 τὸν

95 3028 271 3123 εὐνοῦχον
291 3026 508 3097 Ευστάὲιον
532 3025 600 3096 τὸν
625 3027 856 3120 κυμινιανὸν·
891 3027 955 3097 καὶ
979 3026 1049 3099 τὸν
1074 3031 1181 3109 Νικη-

95 3148 213 3250 φόρον
233 3148 302 3220 τοῦ
320 3142 472 3223 δεκανοῦ
493 3150 693 3246 λεγόμενον.
745 3146 870 3233 Οότος
893 3147 1083 3249 ἐξέρχεται
1106 3150 1181 3220 σἰπό

94 3279 156 3354 τῆς
181 3273 315 3356 πόλεως
339 3275 434 3367 μετὰ
458 3271 587 3369 ὀλίγον
612 3280 684 3347 τῶν
719 3270 838 3345 αὐτοῦ
863 3277 1059 3365 συγγενῶν,
1084 3271 1181 3343 κατὰ

94 3397 162 3477 τόν
183 3397 325 3499 πρώτην
353 3404 425 3493 τοῦ
448 3397 656 3497 Νοεμβρίου
688 3398 815 3492 μηνὸς,
849 3390 1069 3478 ἱνδικτιῶνος
1090 3392 1181 3496 πρό-

94 3546 166 3603 της.
214 3521 290 3591 καὶ·
309 3521 515 3619 ἀπέρχεται
546 3524 595 3611 εἰς
624 3521 671 3592 τὸ
703 3516 766 3606 ἔξω
797 3517 988 3613 λεγόμενον
1019 3521 1179 3618 Γερύνιν,

94 3640 184 3716 ἔνθα
205 3643 371 3727 ἔστησαν
397 3646 437 3714 αἱ
467 3645 658 3742 βασιλικαὶ
689 3644 830 3717 τένται.
886 3647 926 3716 In
949 3643 1023 3717 fine
1048 3644 1180 3718 desunt

93 3771 279 3842 nonnulla.
333 3769 438 3861 Quae
464 3770 562 3840 enim
587 3771 639 3843 ibi
663 3771 845 3867 leguntur:
869 3770 1031 3867 Προσέτι
1057 3771 1179 3863 ὀμνύει

93 3892 155 3962 καί
179 3897 379 3990 συμφωνοῖ,
405 3892 450 3973 ὡς
474 3887 565 3961 ὅσαι
586 3864 711 3972 πόλεις
734 3890 797 3962 καὶ
819 3897 972 3992 χῶραι.
1000 3945 1009 3962 .
1038 3944 1047 3961 .
1074 3943 1112 3980 .,
1136 3916 1180 3971 ea

92 4042 169 4089 non
192 4018 289 4090 ultra
317 4017 565 4089 narrationem
597 4016 720 4090 Annae
754 4013 947 4116 punt).
982 4016 1177 4114 pertinent.

92 4141 261 4242 Denique
289 4142 455 4239 Epitome
478 4142 560 4214 libri
575 4142 630 4217 ΧΙ.
656 4143 842 4242 sequitur,
867 4156 904 4214 et
927 4142 1032 4214 tituto
1059 4152 1181 4210 οἴον-
