2798 4898
452 335 691 400 PRAFAEA'HO.
994 338 1093 401 xxm

130 474 231 577 αφεῦ,
255 468 325 547 τῶν
338 471 500 569 Σκυθῶν,
526 479 570 558 ὥς
591 474 669 575 φῇς,
690 473 905 571 ληΐζομένων
928 470 1093 568 ἅπαντα,

130 600 232 682 [τοῖς
255 603 374 683 πύλας
397 607 462 684 τῆς
494 601 631 683 πόλεως
665 603 936 673 ὑποκλίνεαθαι.
988 600 1092 695 Quo-

130 726 349 798 scholiorum
384 729 558 799 nonnulla
590 727 628 798 in
663 724 719 797 ed.
744 727 826 823 neg.
858 726 966 837 latine
990 751 1091 800 versa

131 874 174 923 us
205 863 243 920 et
274 846 409 922 edito.“
456 851 510 922 Ab
544 849 618 923 hoc
651 847 779 921 codice
810 847 978 921 Vaticano
1012 874 1089 920 non

130 996 191 1045 mn
215 988 306 1071 puto
343 999 439 1068 eum,
458 973 557 1047 unde
581 973 654 1046 Leo
679 972 847 1066 allatius,
868 994 954 1044 curn
978 971 1088 1045 editio

130 1122 168 1170 ra
199 1096 365 1170 nondum
398 1112 598 1195 prostaret,
629 1097 713 1169 satis
752 1095 873 1194 ampla
896 1094 1091 1194 fragmenta

130 1235 191 1320 pta
215 1222 366 1296 inscruit
390 1223 484 1295 libro
511 1222 557 1295 de
581 1223 712 1296 Eccles.
733 1218 922 1293 occident
948 1231 984 1291 et
1006 1218 1089 1292 Ori·

130 1359 293 1444 rcrpctna
324 1343 588 1439 Consensionc,
624 1345 689 1442 qui
722 1341 849 1418 Colon.
880 1343 1025 1441 Agripp.
1055 1368 1087 1415 a.

141 1465 179 1539 lt.
202 1469 354 1565 prodiit.
405 1470 484 1566 ipsc
510 1467 659 1566 quidem
674 1468 832 1563 triarius,
857 1467 922 1566 qui
946 1468 1088 1539 incom-

130 1617 142 1661 ο
167 1592 301 1663 saeculi
323 1618 405 1666 mos
432 1607 530 1689 crat,
557 1592 648 1664 nihil
672 1593 719 1666 de
743 1589 868 1665 codice
892 1615 959 1663 suo
978 1589 1088 1662 'addi-

130 1711 201 1786 sed
224 1725 346 1787 tamen
367 1718 573 1788 coniectura
598 1717 843 1789 meamultum
869 1712 955 1786 inde
979 1712 1090 1785 habet

134 1836 292 1931 bilitatis,
319 1838 421 1934 quod
431 1840 575 1912 Ailatius
596 1842 630 1913 ci
649 1840 716 1937 ipsi
731 1838 975 1911 Bibliothecae
1001 1836 1088 1909 olim

134 1958 183 2052 it,
212 1983 307 2055 quac
340 1960 505 2033 codicem
546 1963 644 2034 illum
683 1961 864 2058 possidet,
906 1985 927 2033 a
967 1960 1087 2031 Fulvio

130 2107 150 2173 r,
175 2092 215 2152 ut
239 2082 406 2175 arbitror,
431 2084 594 2179 legatum.
627 2082 890 2155 transturas
917 2083 989 2154 lter
1012 2083 1086 2153 tral.

134 2204 192 2275 39.
219 2203 292 2276 Iam
314 2228 400 2276 vero
421 2205 635 2303 fragmenta,
659 2207 703 2279 ab
718 2207 845 2278 altario
870 2207 893 2278 l.
909 2207 949 2278 11.
977 2229 1008 2276 e.
1026 2211 1082 2277 10.

130 2368 138 2394 r
159 2328 243 2398 629.
268 2328 352 2399 631.
374 2329 458 2400 633.
482 2331 565 2402 636.
592 2328 754 2426 prodita,
784 2329 884 2403 haud
915 2331 1078 2426 exiguam

130 2451 216 2521 tium
240 2451 437 2524 lectionum
467 2453 610 2549 copiam
637 2455 844 2548 continent3
875 2477 964 2550 quas
990 2453 1076 2527 inde

130 2585 199 2643 atas
230 2571 376 2645 sedibus
405 2574 478 2647 suis
501 2600 776 2670 memorassem,
801 2576 870 2647 nisi
891 2576 1007 2649 Allatii
1032 2578 1078 2647 li-

139 2718 219 2766 sero
255 2696 496 2795 inspexisscm.
547 2699 673 2797 Itaque
706 2725 784 2795 cas,
819 2715 997 2799 quatenus
1030 2698 1078 2772 ad

130 2821 274 2895 olnmen
303 2826 504 2919 pertinent,
536 2851 633 2898 nunc
656 2827 746 2899 libet
768 2825 992 2922 adscribere3
1017 2852 1077 2901 rc-

152 2944 253 3016 altcri
285 2947 465 3019 Volumini
498 2972 681 3045 reponam.
730 2949 823 3023 Sunt
845 2965 966 3022 autem
988 2951 1077 3022 hae:

130 3070 210 3158 ,rt
224 3066 280 3138 ed.
294 3084 404 3141 nostr.
428 3062 629 3171 τάδελφοῦ.
683 3074 740 3144 19.
766 3067 927 3143 crassa.
990 3073 1077 3165 266,

132 3185 248 3259 οἶτόν
281 3191 444 3286 φάμενον
467 3236 517 3252 --
540 3190 711 3291 γαροδᾱν.
773 3198 807 3268 5.
834 3191 977 3264 ἑαυτὸν.
1041 3196 1075 3264 7.

130 3318 226 3386 ατοῦ.
274 3318 309 3387 8.
328 3311 567 3391 τουτουῒοω.
620 3325 678 3390 10.
700 3313 857 3389 τῶνοαι.
910 3321 967 3387 12.
992 3317 1077 3385 τού-

130 3443 163 3509 ir
189 3428 384 3532 δογμάτων.
438 3436 620 3522 16.κακῶς
644 3437 695 3535 τῷ
719 3435 858 3532 ’Icari-qi.
915 3441 971 3512 18.
985 3465 1077 3513 ποιν-

130 3600 145 3615 -
187 3563 363 3656 λέγοντος.
440 3569 538 3662 267,
570 3576 601 3639 1.
646 3564 943 3665 παραιτούμενος.
1018 3575 1074 3638 11.

130 3707 161 3755 ἐ.
213 3689 374 3779 286,15.
397 3682 667 3781 διανείμασθαι
697 3724 743 3738 -
770 3687 960 3760 ἐκέλευσεν.
1017 3695 1076 3762 17.

130 3830 212 3899 γους.
273 3810 359 3902 286,
380 3790 417 3879 21.
442 3804 522 3906 (inp.
572 3808 671 3900 Quas
705 3806 853 3906 quidem
884 3811 1076 3907 lectiones,

130 3956 243 4003 rmcro
272 3932 348 4003 illas
371 3931 574 4029 pauciores,
599 3931 732 4030 siquis
756 3957 837 4005 cum
850 3935 1076 4032 reliquorum

132 4080 170 4125 m
194 4055 378 4151 scripturis
400 4056 671 4152 comparaverit,
694 4058 776 4129 satis
799 4056 942 4154 liquido
963 4081 1077 4153 appa·

130 4179 328 4274 excmplum
359 4177 449 4252 illud
481 4202 563 4258 curn
595 4177 849 4272 Holstcniano,
882 4204 957 4275 qno
984 4178 1078 4250 Gro-
