2798 4898
491 307 701 372 nnuxraurs
726 311 803 373 rau.
820 313 876 375 vr.
891 317 939 381 ιο.
1177 285 1265 373 303

179 462 303 547 ρατικῇ,
322 461 445 525 ἐκεῖθεν
464 456 562 524 ου’τόν
576 457 753 543 α’πῆλασεν,
772 464 848 544 μηδ’
863 456 960 548 άχρις
979 459 1047 539 ὲνὸς
1068 465 1185 545 ὀβολοῦ
1205 466 1267 529 τῶν

178 562 352 643 βασιλικῶν
370 555 633 642 ὖποκρατὴσοντα
650 557 830 643 χρημάτων.
872 565 994 646 γίνεται
1015 565 1092 627 δέτι
1111 566 1265 627 τοιοῦτον.

177 662 214 725 ἐν
234 662 279 748 τῷ
298 662 354 742 τῆς
373 656 518 742 Σινώπης
544 659 733 741 ε’ξίρχεσδαι
760 658 861 725 αδτόν
889 658 1040 739 κατεάξας
1068 659 1105 725 τά
1129 664 1177 726 ἐπ’
1197 661 1269 726 δνό-

177 780 259 841 ματι
291 759 348 842 τῆς
377 754 592 842 άπεραμῶμου
622 760 785 843 δεσποίνης
812 759 902 843 ἡμῶν
935 758 1088 825 διατόνου
1121 764 1301 843 adituram

150 854 316 939 5δαίμονί
335 880 399 923 τινι
427 853 573 941 καθάπερ
604 849 757 940 άλάστορι
786 859 820 924 εἰι
840 862 932 936 θείας
957 859 1105 943 προνοίας
1126 862 1271 942 ποραδο.

178 961 267 1040 θείς,
288 953 388 1022 ἔκειτο
405 955 571 1043 άφριζων·
622 954 679 1022 καί
697 953 797 1034 οὕτως
828 959 950 1024 ἐκεῖθεν
970 961 1146 1041 δαιμονιῶν
1165 963 1272 1044 ἐξελη-

179 1059 285 1124 λύθει.
338 1057 394 1122 καί
410 1053 467 1140 τὴν
486 1058 593 1137 μέντοι
614 1061 729 1141 κυρίαν
755 1058 812 1142 τῆς
833 1056 977 1144 Σινώπης
998 1058 1016 1124 δ
1037 1057 1156 1134 Σιαούς
1177 1063 1272 1125 Κων-

178 1157 337 1245 στοντίνιρ
365 1159 409 1243 τῷ
427 1158 625 1244 Δολασσηνῷ
645 1159 791 1237 dabbato,
819 1159 867 1221 ἐπ’
888 1156 977 1247 αὐτῷ
996 1156 1084 1244 παρά
1104 1163 1162 1225 τοῦ
1177 1162 1271 1239 βασι-

179 1259 261 1333 λέως
280 1256 508 1335 ἀποσταλέντι,
529 1247 603 1341 κᾷθ’
637 1252 724 1321 οὕτω
744 1257 801 1334 τὰς
824 1248 922 1332 άλλας
944 1257 1050 1334 πόλεις
1067 1256 1197 1342 περιιάν
1217 1260 1273 1322 καί

132 1353 237 1432 τοτάς
256 1352 466 1428 σουλτανικάς
495 1362 558 1431 τοῖς
585 1356 763 1440 σατράπαις
790 1353 1006 1421 ὑποδεικνύων
1025 1355 1170 1442 γραφάς,
1191 1358 1272 1421 ἑκεί-

178 1459 238 1521 aar
268 1450 436 1540 ίξὴλαυνε,
458 1453 658 1537 παραδιδοδς
686 1453 765 1537 πρὸς
786 1451 862 1530 τούς
884 1456 944 1519 τοῦ
963 1454 1194 1540 αὐτοκράτορος
1214 1480 1271 1521 σα·

177 1554 312 1641 τράπος.
361 1555 464 1618 ταῦτα
498 1546 555 1617 οὖν
589 1551 607 1616 δ
632 1553 751 1631 Σιοούς
777 1554 1049 1637 διαπραξάμενος,
1080 1554 1273 1641 ὑποστρέφει

178 1652 260 1738 πρὸς
290 1647 405 1735 αάτόν,
444 1654 614 1717 κάντεῦδεν
643 1655 701 1718 τοῦ
726 1657 818 1718 θείου
848 1657 1065 1736 βαπτίσματος
1093 1653 1361 1742 rerumrerum

179 1750 236 1818 καί
270 1755 394 1819 πολλῶν
421 1753 550 1839 δωρεῶν
579 1752 804 1829 ἐπαπολαάσας
835 1752 912 1834 tat}
944 1753 1112 1839 Ἀγχιάλου
1141 1777 1271 1838 προχει-

131 1851 312 1939 τὸρίζετοι.

269 1975 315 2019 ιο.
360 1953 425 2036 Τῆς
445 1955 569 2037 σφαγῆς
583 1952 620 2016 δὲ
641 1954 699 2017 τοῦ
718 1950 819 2038 Ἀμὴρ
840 1956 970 2036 Σολυμᾶ
984 1955 1062 2019 κατά
1082 1952 1141 2039 τὴν
1157 1947 1271 2019 Ἀσίαν

177 2044 310 2118 ἃπασαν
328 2049 580 2135 διαδραμούσης,
602 2046 714 2117 ὁπόσοι
735 2055 797 2118 τῶν
819 2058 990 2138 σατραπῶν
1011 2053 1116 2130 πόλεις
1136 2051 1193 2118 καί
1210 2076 1269 2117 πο.
1290 2104 1299 2117 .

178 2154 286 2234 λίχνια
314 2147 427 2232 ἔτυχον
448 2149 676 2236 φυλάσσοντες,
706 2155 835 2227 ἕκαστος
866 2148 943 2238 ὅπερ
972 2151 1074 2236 ἔτυχε
1095 2151 1270 2239 φυλάσσων

178 2249 315 2335 κάστρον
337 2254 470 2332 κατέσχε
500 2248 556 2315 καί
585 2251 812 2334 ι’διοποιὴσατο.
864 2251 921 2317 καί
945 2250 1006 2339 γάρ
1037 2252 1170 2337 duplica
1189 2251 1270 2337 πρὸς

130 2345 234 2416 εοτόν
250 2349 454 2433 Ἀπελχοσὴμ
476 2347 534 2433 τήν
554 2353 694 2414 Νίκαιαν
706 2355 879 2437 παρεδίδου
900 2362 1055 2437 φρουρεῖν
1076 2354 1110 2416 ἕν
1129 2354 1172 2440 rigi
1189 2349 1270 2435 πρὸς

179 2448 240 2534 τὴν
265 2445 462 2530 Ἀντιόχειαν
483 2446 583 2514 ου’τόν
604 2448 750 2528 άπιὲναι,
786 2451 955 2538 διαφόροις
974 2450 1152 2534 σατράπαις
1173 2449 1213 2514 τά
1234 2472 1270 2514 τε

177 2548 259 2615 κατά
289 2545 347 2632 τὴν
366 2550 524 2631 παραλίαν
552 2546 609 2612 καί
632 2546 691 2632 τὴν
711 2553 946 2616 Καππαδοκίαν
977 2557 1033 2615 καί
1061 2547 1120 2634 τὴν
1139 2543 1270 2615 άπαοον

172 2643 304 2729 Ἄσιον,
333 2641 377 2722 ῶς
405 2644 546 2733 εἴρηται,
574 2648 727 2731 α’νέθετο,
748 2644 827 2715 dau
856 2654 989 2717 ἕκαστον
1011 2648 1046 2715 τὰ
1070 2647 1153 2714 ἴδιον
1173 2650 1269 2731 λάχος

143 2824 148 2835 .
254 2799 275 2833 ι.
293 2779 391 2850 ὀβολοῦ
410 2779 472 2834 add
488 2782 518 2835 (λ
591 2783 689 2853 alege
706 2784 940 2855 δπικρατῆοοντπ.
994 2788 1022 2842 8.
1035 2784 1218 2858 Δαμοσσηνρῖ
1236 2783 1268 2835 G·

250 2851 327 2923 αὐτῷ
344 2853 373 2914 C,
391 2845 458 2906 οδιδ
477 2853 530 2906 PG.
628 2870 667 2905 ιι.
687 2850 755 2916 τούς
770 2863 822 2910 τοο
838 2872 894 2909 ιντο.
911 2857 944 2909 G.
1037 2872 1076 2909 ra.
1095 2856 1270 2928 δποοτρίφει

248 2924 280 2987 C,
296 2925 462 2995 δποστρίφφ
475 2923 528 2976 PG.

177 3046 242 3097 dem
261 3043 344 3096 obolo
362 3060 396 3095 ex
415 3045 487 3113 regia
507 3044 621 3114 pecunia
638 3045 763 3114 potitum.
775 3044 875 3097 accidit
891 3046 962 3097 enim
979 3045 1035 3098 tale
1054 3045 1202 3114 quippiam.
1227 3043 1270 3095 st-

176 3133 251 3186 nope
271 3116 419 3184 egrediens,
435 3134 497 3167 cum
521 3117 705 3168 immaculatae
723 3116 849 3168 dominae
867 3125 975 3168 nostrae
993 3116 1120 3184 deiparae
1139 3115 1270 3183 ternplum

175 3187 324 3249 violaraet,
351 3185 476 3237 daemoni
502 3187 578 3237 velut
603 3186 686 3237 ultori
704 3203 753 3256 per
780 3186 898 3238 divinam
919 3186 1117 3255 providentiam
1137 3188 1269 3248 traditur,

175 3258 287 3309 iacebat
303 3272 423 3325 apumam
443 3274 539 3325 agenr,
559 3264 642 3325 atqua
659 3259 698 3309 ita
714 3258 804 3309 surore
830 3259 964 3327 agitatur,
991 3256 1057 3307 urbe
1087 3257 1162 3307 exiit.
1192 3273 1270 3323 prae-

175 3328 308 3381 fecturam
324 3335 415 3379 autern
435 3327 548 3396 Sinopes
562 3327 740 3382 Constantino
758 3329 908 3380 Dalaaaeno
927 3328 1003 3378 Sinus
1023 3325 1153 3389 tradidit,
1170 3327 1217 3394 qui
1235 3326 1270 3377 ab

176 3400 342 3468 imperatore
370 3397 451 3449 adid
477 3399 566 3467 iprum
594 3400 689 3452 missua
709 3406 773 3451 erat.
800 3400 864 3451 dein
884 3398 1003 3466 reliquae
1021 3397 1100 3449 urbea
1119 3397 1269 3459 circuienr,

176 3469 280 3521 :ultani
304 3469 405 3536 scripto
431 3469 543 3537 ratrapla
563 3478 729 3533 monstrato,
751 3486 796 3521 eos
815 3471 896 3521 eiecit
915 3468 1137 3536 imperatoriaque
1156 3469 1269 3535 ratrapia

176 3538 259 3591 urbes
274 3538 416 3591 aornruirit.
437 3539 503 3590 baec
520 3549 660 3609 postquam
672 3540 749 3592 Siaue
768 3540 901 3609 perfecit,
918 3537 951 3589 ad
970 3538 1158 3607 imperatorem
1179 3554 1270 3590 rever-

176 3627 241 3673 τοι,
254 3627 359 3661 eaerum
375 3609 537 3679 baptismum
557 3611 660 3680 accepit
669 3649 678 3675 ,
706 3610 854 3680 multiaque
869 3609 1027 3662 muneribus
1044 3618 1168 3673 ornatur,
1186 3610 1268 3662 etiam

176 3680 304 3736 Andriali
320 3680 376 3732 dux
393 3689 498 3733 creatur
517 3688 564 3732 eat

253 3767 291 3803 ιο.
326 3750 415 3802 Caede
435 3752 538 3803 Ameria
552 3749 676 3816 Solymae
693 3765 742 3818 per
762 3757 847 3802 totam
860 3750 950 3802 Asiana
967 3747 1089 3817 vulgata,
1110 3749 1267 3819 quicunque

177 3820 480 3890 satraparumurbibur
498 3830 527 3873 et
544 3820 652 3889 oppidis
667 3820 798 3890 praelecti
822 3829 917 3885 erant,
942 3836 1016 3872 arram
1042 3822 1160 3890 quiaque
1179 3838 1266 3871 arcem

176 3891 343 3944 detinebant
361 3892 470 3962 albique
486 3890 668 3943 vindicabant.
685 3892 786 3943 etenim
800 3908 860 3943 cum
874 3888 1079 3962 alpelelraaemo,
1096 3891 1266 3943 Antiochiam

175 3963 367 4034 proiecturae,
392 3962 511 4015 Nicaeae
538 3961 688 4014 erutodiam
712 3962 909 4026 committeret,
938 3962 1122 4032 compluribus
1151 3962 1268 4029 satrapis

175 4050 254 4085 oram
271 4033 432 4085 maritimam
453 4042 481 4086 et
500 4032 695 4102 Cappadociam
722 4049 884 4104 omnemque
906 4033 1013 4096 triam,
1033 4040 1064 4085 ut
1080 4032 1267 4093 narraviruna,

174 4102 307 4165 tradidit,
325 4112 358 4154 ut
377 4119 457 4186 apuam
476 4105 591 4174 quiaque
608 4104 696 4155 locum
714 4106 825 4156 sortitur
842 4112 922 4169 earet,
939 4119 1000 4155 eum
1018 4112 1156 4165 tueretur,
1177 4100 1267 4171 quoad

174 4175 237 4248 ipae
254 4172 320 4227 inde
340 4173 451 4227 rediret.
479 4173 671 4244 Apelclraaern,
697 4175 878 4247 archiaatrapa
902 4183 959 4227 tum
982 4176 1112 4245 temporie
1133 4173 1261 4234 Nicaeae,
