2798 4898
583 327 819 387 eusimio.
1135 329 1245 392 XLVI!

154 505 240 561 rere,
259 480 487 565 erpioratisqne
514 499 596 562 quae
623 479 708 540 circa
731 498 785 540 nos
814 491 921 558 mant,
941 481 1158 565 frequentatus
1177 482 1244 545 itlos

154 593 267 645 contra
287 603 344 643 nos
368 581 487 643 nunciis
517 580 666 640 animare.
708 579 768 639 Hic
788 589 835 641 est
861 580 1013 663 inquiunt,
1032 581 1173 664 perfidus
1191 583 1245 644 iiie

157 685 288 760 diarius,
308 683 362 767 qui
384 679 513 743 domino
532 700 588 741 suo
598 677 787 762 Nicephoro,
810 699 871 762 per
885 681 1082 762 quorundam
1096 683 1243 743 Mumen-

154 806 271 846 norum
284 780 553 845 conductitiorum
572 780 721 840 auxilium
732 778 874 863 depulso,
888 781 1054 862 imperium
1070 782 1135 844 eius
1148 806 1242 846 usur.

154 887 255 968 pavit,
279 886 422 968 ipsosque
441 882 490 944 sui
509 879 630 943 sceleris
644 891 878 963 cooperatores,
898 879 990 942 exilio
1008 880 1169 945 dannatus
1188 906 1243 947 ne-

152 987 218 1048 cari
243 987 332 1048 fecits
353 1003 496 1066 nuncque
514 1003 548 1043 se
567 981 648 1042 tanti
669 979 747 1042 dixit
766 981 871 1042 facere
893 981 1029 1041 Francos
1048 1002 1121 1043 cum
1132 984 1241 1046 Turcis

153 1087 347 1169 praeliantes,
369 1084 479 1168 quanti
499 1102 589 1143 canes
609 1080 790 1159 seinvicem
810 1079 998 1142 mordentes.
1039 1081 1121 1143 Cum
1139 1095 1243 1147 auten

154 1188 276 1270 nauigia
296 1184 461 1269 quisquam
481 1183 658 1244 conducere
679 1189 828 1258 tenuret,
848 1179 968 1243 audivit
986 1181 1148 1246 Cameren
1167 1186 1243 1248 iusi-
1335 1246 1339 1254 ,

153 1287 219 1347 dius
253 1284 429 1369 peregrinis
457 1283 551 1345 etiam
584 1281 618 1342 in
636 1281 718 1341 mari
735 1283 886 1362 posuisse,
919 1282 1094 1366 multasque
1123 1284 1243 1348 dudum

152 1386 265 1449 eodem
288 1385 430 1447 facinore
445 1405 537 1445 naves
556 1403 631 1444 eum
650 1382 859 1442 submersisse.
911 1382 1119 1465 Quapropter
1137 1407 1242 1450 omnes

151 1509 227 1550 eum
246 1484 474 1547 maledicebant
498 1490 532 1545 et
559 1480 868 1557 anathematizabunt,
889 1503 994 1543 omnes
1015 1483 1103 1544 illum
1122 1483 1243 1568 linguae

152 1609 220 1649 nou
243 1589 496 1668 imperatorem,
519 1581 572 1644 sed
591 1581 779 1642 traditorem
799 1580 1001 1663 appellabant.
1040 1586 1131 1645 Anno
1154 1585 1243 1649 1106.

151 1686 277 1749 invidus
303 1693 337 1747 et
356 1683 494 1745 occultus
515 1692 641 1744 eatenus
662 1681 816 1743 Ecclesiae
834 1691 1019 1764 persecutor
1036 1685 1167 1762 Aietius,
1188 1687 1243 1750 diu

153 1795 271 1850 tectam
283 1805 356 1847 suae
368 1781 515 1866 perfidiae
537 1781 705 1845 toxicatam
719 1781 837 1843 rabiem
851 1783 1012 1865 evaginat:
1030 1785 1150 1864 Turcis,
1169 1788 1242 1871 qui.

152 1887 214 1948 hus
235 1888 298 1947 iam
322 1883 406 1946 uuila
428 1882 477 1944 vel
497 1902 568 1944 rara
592 1883 623 1942 in
633 1883 766 1944 Oriente
785 1882 937 1966 regnandi
954 1904 1024 1966 spes
1045 1896 1243 1964 remanserat,
1263 1888 1276 1908 ⁹

151 2008 185 2049 se
196 1987 349 2048 tutissime
362 1984 517 2061 conciliat,
527 1993 560 2046 et
572 2003 593 2044 o
608 1983 819 2066 turpissimum
831 1984 965 2046 fucinus!
986 1988 1140 2062 Nicaeam,
1149 2010 1243 2072 quam

151 2086 228 2147 oiim
259 2085 332 2148 fidei
356 2093 483 2147 nostm
513 2083 638 2160 turrim,
668 2082 849 2167 dudumque
869 2084 970 2145 multo
993 2086 1243 2150 Christianorum

151 2188 299 2269 sauguine
323 2193 533 2267 comparatam
552 2182 811 2266 praescripsimus,
833 2184 1003 2246 Solimanui
1025 2189 1153 2270 tyranni
1172 2189 1242 2250 liliis

153 2287 307 2350 reddidit:
328 2282 483 2346 custodias
497 2283 535 2344 ad
549 2280 783 2365 prohibendum
792 2286 957 2343 transitum
968 2286 1141 2368 peregrinis
1156 2296 1240 2349 terra

152 2388 295 2470 marique
312 2383 483 2447 constituit
504 2383 599 2444 Cuius
617 2382 724 2444 classes
742 2391 855 2444 contra
869 2383 1080 2448 Antiochense
1097 2385 1242 2465 dimna

152 2489 209 2569 ipsi
231 2487 314 2549 bello
328 2489 491 2568 ceperunt,
506 2491 539 2545 et
552 2482 583 2544 in
599 2483 810 2544 confusionem
819 2482 936 2560 Alerii,
957 2487 1036 2548 uasis
1056 2495 1150 2572 atque
1170 2489 1242 2571 poi.

151 2588 261 2649 iicibus
284 2586 428 2649 omnibus
451 2583 603 2662 abscissis,
622 2604 716 2644 uuam
751 2583 791 2645 de
825 2583 944 2667 scaphis
976 2585 1047 2648 iude
1067 2599 1242 2671 onerantes,

151 2688 328 2749 huiuamodi
349 2685 543 2768 pulmentum
562 2680 662 2745 eidem
682 2705 738 2745 reo
761 2682 934 2746 multorum
952 2685 1084 2747 millium
1107 2687 1242 2750 homid-

151 2786 218 2864 dae,
240 2786 484 2849 transmiserunt.
534 2784 742 2845 Anrcurus
773 2784 1006 2848 Sranrasrs
1033 2788 1145 2850 eudem
1165 2791 1243 2869 fite

149 2887 338 2949 adverbum
356 2885 458 2948 tabee.
499 2885 617 2946 Orro
639 2884 933 2948 Farsrnsersrs
955 2887 1155 2949 Cauorrc.
1179 2891 1241 2952 Las.

150 2987 219 3048 VH.
245 2989 317 3049 Car.
339 2989 379 3048 X.
400 2985 519 3047 aterius
541 2986 718 3067 imperator
736 2984 968 3067 perfidissimus,
989 2986 1106 3048 iamdiu
1125 3008 1243 3048 conce-

151 3094 237 3169 ptam
258 3084 354 3148 corde
373 3085 520 3147 maiitiam
540 3085 643 3147 celare
665 3085 792 3168 amplius
814 3107 878 3147 non
901 3088 1016 3162 valeus,
1037 3109 1109 3148 cum
1120 3087 1241 3165 Tamis,

151 3188 205 3270 qui
229 3186 291 3247 iam
310 3207 411 3268 paene
431 3185 585 3268 desperati
606 3193 707 3263 erant,
723 3186 898 3266 turpissime
920 3185 1116 3261 foederatur,
1138 3187 1243 3268 eisquc

150 3286 308 3364 Nicaeam,
327 3283 423 3347 multo
454 3296 636 3347 nostrorum
665 3287 812 3370 sauguine
841 3285 1046 3368 acquisitam,
1067 3283 1243 3369 impiissime

149 3385 293 3450 tradidit
1081 3378 1115 3437 'ii‘

230 3489 461 3550 Gorrarnus
480 3487 767 3548 Vrrearrnrsrs
790 3482 988 3546 Caruere
1010 3503 1137 3547 mre
1154 3506 1240 3549 arur.

148 3585 453 3669 Constantinopolim
472 3595 703 3669 pervenerunt,
729 3585 784 3645 ubi
803 3582 939 3645 multum
961 3583 1068 3646 dotum
1089 3593 1123 3648 et
1142 3586 1240 3670 impe.

148 3685 321 3749 dimeutum
348 3709 367 3746 a
399 3687 483 3770 Rege
503 3685 609 3746 Alexin
631 3684 778 3767 perpessi.
830 3684 921 3746 Tunc
940 3685 1060 3747 Meuius
1082 3707 1137 3748 reu
1154 3687 1240 3748 Con·

147 3786 454 3869 stantinopoiitauus,
479 3784 672 3846 Christianae
690 3783 909 3867 prosperitatis
926 3785 1132 3865 adversarius,
1154 3787 1241 3848 Tur.

148 3907 199 3949 cos
223 3888 255 3949 in
276 3886 521 3971 desperationem
541 3886 603 3951 iam
619 3884 745 3966 positos,
768 3885 799 3946 in
821 3885 986 3948 amicitiam
1004 3908 1093 3949 suam
1107 3886 1240 3948 confoe-

147 3985 281 4066 deravit,
303 3989 407 4072 eisque
420 3988 536 4050 turrim
550 3987 703 4062 Nicaeam,
720 3985 970 4050 Christianorum
990 3987 1140 4071 sanguiue
1160 4006 1239 4047 con·

148 4090 316 4172 quisitam,
338 4090 500 4152 concessit.
541 4090 793 4149 Marrrarus
814 4088 937 4151 Psnrs
965 4111 1009 4149 ru
1041 4106 1241 4148 arsroura

147 4209 297 4251 narona
320 4210 421 4250 arno
446 4211 549 4252 arcer.
572 4188 695 4251 Aietius
716 4198 818 4250 autem
838 4189 1013 4271 imperator
1034 4188 1239 4260 Graecorum,
