2798 4898
479 102 721 170 ansuino.
784 52 787 56 “
854 176 857 183 ,
1073 112 1141 175 ιιι

10 218 193 497 3:oe
212 242 386 336 ιιωιοει,
411 267 523 341 quem
548 245 587 317 in
612 247 709 317 resa
726 246 841 341 ras,
860 243 930 320 rm
953 245 1143 345 tolosani,

148 367 327 439 mentatio
354 365 550 466 satagat.
577 368 625 440 de
650 370 733 442 lust
762 382 798 440 et
817 370 955 467 lurep.
968 376 1052 444 751
1078 399 1141 445 ex-

10 500 163 617 μιν,
187 492 391 588 [lucangius
412 491 459 564 ad
473 493 566 565 hun.
578 491 705 565 Comn.
734 494 824 566 Π.8
850 518 888 590 p
880 491 986 588 dili,
1002 498 1060 570 19.
1085 498 1141 569 ιο-

10 622 178 697 Matar.
239 615 371 687 Verum
407 615 508 687 hune
538 614 871 711 commentarium,
896 619 962 689 etsi
983 618 1141 695 studiose

10 736 230 835 fluacsivi,
253 741 414 812 nancisci
432 766 509 814 nou
524 742 639 837 potui.
739 742 838 815 Alter
863 740 979 815 codex
1005 755 1059 813 est
1074 744 1144 816 Va-

10 844 210 956 ifioeuus,
235 863 301 958 qui
327 887 410 935 cum
441 877 593 943 exeunte
624 865 766 936 saeculo
791 864 961 961 proximo
983 865 1100 937 Roma
1123 892 1144 938 a

10 962 293 1093 ssfmcogsttis
313 985 470 1057 Parisios
495 987 634 1058 ablatus
657 999 769 1080 esset,
795 985 842 1058 ad
867 986 1057 1082 pristinam
1083 1014 1142 1061 se-

24 1110 28 1115 ’
84 1131 143 1179 em
156 1106 295 1179 dudum
309 1107 428 1180 rediit
447 1108 530 1180 Eius
542 1109 767 1180 mentionem
780 1109 1014 1181 feceruutSte
1025 1108 1141 1206 Croix,

164 1255 211 1303 en
236 1232 393 1327 critique
418 1229 484 1302 des
514 1233 661 1303 anciens
688 1231 883 1303 historiens
907 1230 1141 1305 d'hlexaudre
1258 1320 1261 1324 ¹

111 1352 261 1446 Grand,
296 1377 367 1424 sec.
393 1352 481 1424 edit.
518 1356 654 1450 ptos.
682 1368 718 1425 et
749 1353 842 1428 Frid.
867 1354 1022 1426 Wilken.
1053 1356 1140 1427 Hist.

103 1501 186 1546 mn.
201 1501 239 1570 p.
250 1475 323 1545 XV.
371 1474 488 1546 Minus
508 1490 606 1547 recte
629 1490 814 1572 postremo
837 1477 876 1549 in
901 1477 984 1549 ioco
1002 1478 1143 1550 Vatica-

47 1588 52 1595 ¹
74 1676 78 1681 ,
101 1622 121 1669 s
149 1599 242 1668 aiter
266 1598 477 1694 appellatur.
534 1599 642 1671 Error
667 1599 770 1694 iude,
794 1614 835 1672 ut
860 1601 1012 1697 opinor,
1032 1603 1143 1695 venit,

130 1719 365 1793 dFabricins
393 1722 431 1793 in
456 1723 547 1795 Bibl.
573 1722 697 1794 Graec.
721 1724 796 1795 Vol.
811 1725 879 1796 Vll.
905 1749 942 1821 p.
960 1728 1044 1796 727.
1079 1750 1143 1795 co-

45 1844 91 1923 ,“
92 1868 187 1937 cem,
210 1869 287 1940 quo
303 1845 473 1915 Possinus
498 1869 582 1916 usus
607 1859 672 1939 est,
697 1845 906 1917 Vaticanum
932 1844 1036 1933 dixit,
1058 1872 1141 1919 cum

10 2046 19 2079 .-
31 1960 162 2039 -tneits
185 1967 431 2038 Bibliothecae
456 1968 685 2039 Barberinae
743 1968 775 2040 Is
807 1969 914 2066 igitur
939 1968 1033 2041 liber
1055 1994 1139 2041 tere

10 2056 285 2162 ivaucanus
274 2117 314 2162 ru
348 2089 549 2185 schedulis,
582 2091 823 2164 aNiebuhiio
856 2092 949 2163 mihi
976 2092 1137 2187 traditis,

21 2215 316 2286 .accuratissime
349 2213 401 2286 sic
435 2213 663 2287 describitur·
694 2212 842 2308 „Codex
873 2215 1137 2313 bombycinus,

46 2332 169 2409 Ῑοιιιιιι
193 2338 367 2433 maxima,
396 2338 490 2410 soliis
511 2340 617 2433 392„
640 2339 724 2410 satis
748 2339 927 2411 luculenta
954 2353 990 2410 et
1008 2339 1136 2437 grandi

23 2504 31 2509 ·-
49 2454 183 2554 littera,
205 2462 347 2533 saeculo
372 2460 458 2532 xvi.
484 2475 644 2534 exaratus
676 2475 739 2533 est.
789 2463 830 2533 in
858 2487 902 2533 eo
928 2463 1135 2535 continetur

54 2580 177 2657 tunae
202 2581 410 2657 Comuenae
434 2585 571 2656 Alexias
603 2585 709 2657 initio
742 2598 780 2656 et
810 2584 883 2656 fine
904 2587 1040 2658 mutila.
1091 2590 1134 2660 In

58 2729 131 2780 uno
154 2732 199 2780 ex
222 2707 317 2780 soliis
352 2709 548 2780 chartaceis
584 2707 749 2804 praefixis
778 2708 870 2780 haec
894 2710 1026 2806 scripta
1050 2723 1135 2781 sunt

61 2853 165 2904 mauu
188 2833 298 2905 Fulvii
322 2832 457 2904 Ursini:
481 2831 621 2904 “Annae
635 2829 840 2904 Comueuae
858 2833 1007 2904 Alexias.
1033 2831 1135 2901 Ἀλε-

63 2948 140 3037 iuic·
190 2956 359 3053 Emptum
377 2982 420 3028 cx
443 2957 544 3028 libris
566 2955 755 3029 cardinalis
777 2956 933 3049 Sirleti”,
957 2956 1054 3026 tituli
1079 2956 1137 3025 iu-

65 3090 146 3175 ter,
171 3105 256 3152 nam
272 3104 365 3176 opus
388 3080 506 3177 ipsum
527 3080 736 3176 imperfecte
752 3080 883 3175 incipit
904 3078 1001 3149 sol-l.
1025 3089 1138 3170 recto,

64 3204 195 3293 μᾶλλον
218 3199 353 3275 τοῦτον
376 3204 573 3286 κατέτλους
604 3206 693 3292 (sic)
719 3206 865 3273 ἐκεῖνον·
888 3195 970 3291 ἅμα
994 3200 1061 3292 μὲν
1076 3199 1145 3269 κοιὶΔ

64 3325 119 3407 nir
149 3323 340 3424 ταχίστην
372 3328 545 3399 κέλαιθον
578 3329 668 3419 (sic)
701 3325 1004 3424 προαιρούμενος,
1043 3349 1135 3421 quae
1228 3350 1231 3355 ·

65 3452 161 3524 rerba
185 3452 353 3525 incidunt
375 3453 415 3525 iu
435 3453 499 3524 lib.
511 3453 537 3523 1.
563 3451 621 3523 ed.
643 3449 934 3547 ueg.1651.-t01.
960 3474 997 3547 p.
1015 3453 1074 3521 37.
1088 3451 1131 3520 D.

63 3570 192 3648 Desinit
202 3576 263 3649 foi.
277 3578 361 3650 391.
385 3600 511 3647 verso:
538 3574 586 3666 μὴ
610 3572 673 3644 καὶ
699 3572 969 3672 ἀναγράφοντες
993 3572 1043 3643 τοὶ
1068 3574 1134 3642 λυ-

60 3697 144 3796 zapti
167 3699 249 3784 (hic
262 3700 390 3771 lacuna
414 3698 612 3782 indicatur)
636 3692 969 3793 ἑμπικραινοίμεῖια.
1021 3697 1134 3767 Dein-

60 3845 136 3920 ocps
159 3824 221 3895 sol.
247 3824 333 3898 392.
360 3837 459 3895 recto
482 3823 647 3894 maximis
676 3822 865 3920 rubrisque
896 3821 1023 3892 litteris
1046 3819 1133 3889 sub-

57 3948 195 4047 scriptio
218 3947 366 4046 legitur:
387 3947 491 4030 τέλος
514 3947 584 4021 σὺν
600 3943 672 4047 θεῷ
687 3942 756 4032 τοῦ
770 3945 951 4046 παρόντος
976 3936 1132 4038 βιβλίου,
