2798 4898
563 312 802 379 emano.
1116 316 1232 386 ml!

144 443 401 547 ταοοοτάδον,
425 451 532 550 quod
543 453 804 527 hucudecst.
878 457 1016 548 1222
1037 450 1232 552 meten,

145 574 248 675 quod
269 576 506 649 Hocedtelius
532 579 709 672 coniecit,
736 579 989 674 rqronendum
1016 593 1115 673 erat,
1146 602 1232 653 un-

145 700 256 773 dente
276 698 464 798 Ducangio
483 699 667 774 Constant.
694 699 826 773 Christ.
843 702 896 774 W.
927 728 966 799 p.
983 706 1067 776 12&
1146 704 1232 797 176,

147 827 205 896 13.
227 823 424 914 σωματικὰ
454 816 608 922 δεύτερα
636 824 789 895 τίθεται
817 823 940 916 λόγου.
987 825 1105 898 lours
1126 826 1232 899 ruti-

144 947 258 1018 tuitur
281 942 469 1039 facillime,
493 947 524 1017 si
544 941 729 1042 δεύτερον,
752 943 861 1043 quod
883 943 924 1017 C.
942 945 1068 1040 mbo,
1085 948 1126 1019 in
1148 942 1232 1017 dec·

143 1071 254 1167 ‘ce'pov
277 1072 481 1142 mutaveris.
558 1074 717 1167 ¹93,‘.‘0.
749 1069 828 1141 ἐπεὶ
850 1071 872 1139 ὁ
893 1074 1122 1163 Βοῑμοϋιτος
1141 1095 1232 1167 up-

144 1193 343 1295 repo'rrpov
368 1196 498 1276 αὐτοῖς
516 1195 739 1291 ἐπεμάχετο.
788 1195 843 1268 lta
858 1218 960 1267 nunc
977 1192 1121 1293 leg'dnr,
1140 1218 1233 1268 con·

144 1331 201 1390 tra
225 1341 384 1390 sensum.
414 1315 599 1391 Emendo:
633 1315 865 1412 ἀπεμάχετο.
945 1320 1034 1411 215,
1052 1327 1087 1390 l·
1118 1317 1232 1415 proi

147 1435 190 1513 δὲ
220 1441 341 1512 scribe
372 1435 455 1534 ἥδε,
487 1441 654 1537 pleniore
686 1440 981 1537 interpunctione
1015 1456 1103 1539 post
1128 1440 1235 1523 θέσις

150 1564 284 1661 posita
373 1565 533 1654 masto.
558 1561 657 1631 κατὰ
684 1554 840 1642 δεκάδας
863 1561 951 1642 τοὺς
974 1554 1133 1649 λογάδας
1161 1565 1234 1633 οὐ

151 1681 379 1780 Μονιχαίοο
392 1685 587 1754 momen
603 1681 778 1754 ἐκέλευσε.
804 1685 877 1756 Pro
896 1685 1023 1782 inepto
1044 1686 1235 1757 mnan

111 1886 118 1898 ‚
156 1832 256 1880 nunc
277 1808 402 1880 malim
427 1809 662 1906 πορεύεσθαι.
759 1812 891 1904 328,8.
911 1809 992 1906 lege
1007 1810 1235 1881 οὑτινοσοῦν.
1320 1826 1327 1837 ·

154 1936 288 2024 337,5.
314 1956 384 2027 pro
411 1932 556 2002 τούτων
578 1933 657 2030 lege
679 1932 838 2026 τούτου,
871 1945 914 2006 ut
936 1931 985 2003 ad
1005 1931 1125 2004 solinu
1147 1930 1237 2005 Cae·

151 2077 269 2126 sarem
295 2055 477 2150 respiciat.

247 2177 380 2249 Verum
410 2177 505 2250 haec
536 2177 667 2250 obiter.
725 2177 814 2253 Nam
849 2176 898 2251 de
930 2176 1115 2251 eimmodi
1149 2177 1240 2250 locis

151 2300 349 2399 plerisque,
373 2298 413 2373 in
437 2300 572 2398 quibru
595 2300 781 2397 scriptoris
794 2324 924 2372 manus
942 2299 1111 2374 nondum
1133 2298 1239 2372 resti-

153 2437 231 2496 tuta
254 2420 409 2517 videtur,
431 2437 512 2496 turn
533 2425 683 2521 proprie
696 2423 879 2521 agendum
896 2425 979 2517 erit,
1001 2448 1088 2497 cum
1110 2412 1238 2495 Anno·

153 2548 308 2620 tatiorus
333 2547 500 2619 scribam.
559 2548 664 2621 Nunc
686 2547 868 2644 reliquum
893 2559 966 2640 cst,
987 2559 1030 2619 ut
1051 2545 1101 2618 de
1124 2547 1237 2618 interb

153 2674 357 2769 pretatione
372 2672 509 2767 Latina,
533 2699 644 2771 quam
660 2671 749 2744 huic
769 2671 923 2746 editioni
941 2695 1074 2743 nomn
1097 2668 1238 2763 addidi,

154 2795 266 2866 verbo
283 2818 468 2868 moneam.
494 2792 534 2866 ld
547 2797 746 2892 negotium,
760 2794 946 2868 molestiae
957 2793 1145 2891 taediique
1155 2794 1238 2890 pte·

154 2918 355 3013 nissimum,
379 2933 421 2991 ut
443 2920 676 3016 susciperem,
699 2945 757 2993 res
780 2921 859 3018 ipsa
874 2919 1014 3015 exigere
1035 2913 1237 2988 videbatur.

152 3040 289 3136 Nempe
303 3044 485 3137 Possinus,
510 3069 593 3114 cum
607 3068 682 3114 non
696 3056 773 3115 tam
783 3039 975 3136 vertendo,
996 3063 1110 3137 quam
1132 3061 1239 3109 enar-

153 3162 267 3236 rando
294 3190 444 3262 operam
475 3164 597 3259 daret,
627 3166 761 3239 mirum
799 3189 913 3262 quam
947 3162 1064 3232 libere
1095 3186 1173 3234 non
1198 3163 1239 3236 in

154 3289 272 3360 verbis
295 3289 408 3362 modo
433 3290 600 3387 sinpprlis,
630 3313 756 3362 verum
787 3287 898 3358 etiarn
922 3285 963 3355 in
982 3285 1069 3355 totis
1091 3298 1238 3358 senten-

152 3410 212 3482 tiis
233 3409 429 3484 reddendis
458 3427 618 3487 versatus
649 3427 721 3505 est,
753 3407 1108 3503 circumscribendo,
1132 3408 1237 3485 affin-

153 3532 299 3630 gendo,
328 3536 456 3631 primis
482 3552 667 3635 postrema
692 3530 907 3626 miscendo,
930 3535 1054 3606 omnia
1076 3531 1239 3632 denique

48 3662 50 3666 ’
154 3655 347 3728 obruendo
374 3658 508 3755 ingenti
533 3661 731 3730 verborum
754 3655 916 3727 flumine.
979 3656 1081 3730 Unde
1105 3658 1240 3731 saottun

155 3794 230 3874 est,
251 3794 292 3853 ut
312 3780 450 3851 Alexias
467 3782 591 3853 Latina
616 3782 655 3851 in
680 3778 955 3877 amplitudinem
980 3780 1094 3880 duplo
1119 3782 1239 3854 maio-

159 3929 236 3975 rem
272 3905 487 3998 excreverit,
509 3928 620 4001 quam
647 3903 803 3999 Graeca,
831 3920 869 3978 et
892 3908 1002 3980 altera
1025 3906 1170 3979 alterius
1192 3931 1239 3977 ne

152 4030 321 4101 umbram
348 4028 498 4125 quidem
525 4029 664 4101 reserat
715 4028 799 4122 Quo
815 4032 945 4103 minus
970 4045 1092 4103 autem
1118 4030 1240 4101 Possi-

156 4153 286 4228 nianac
319 4155 494 4231 versionis
527 4155 701 4230 luxuriem
734 4154 929 4253 depascere
959 4155 1063 4226 licuit
1094 4150 1141 4224 ad
1173 4153 1240 4223 ali-
