2798 4898
610 307 848 374 interino.
1238 315 1267 396 9

182 455 220 521 τύ
243 458 281 522 δὲ
302 450 350 521 δτι
370 456 426 520 καί
443 460 517 540 παρ’
540 455 630 540 ἡμῶν
651 452 822 536 ἐκωλύετο,
847 455 889 532 uic
907 459 952 540 μή
965 455 1006 527 -τύ
1026 462 1155 544 τραῦμα
1177 454 1267 525 οἶνοί.

185 560 236 632 §oe
258 551 469 637 διηγούμενος.

273 656 305 736 d.
345 647 421 736 ’Fid
459 655 488 718 d'
511 656 653 720 ἐνταῦθα
671 702 682 720 .
697 701 707 719 .
724 699 760 720 ..
782 655 880 740 μίνη,
911 656 1086 741 σκαῐοδίνης
1110 659 1267 738 ἐμπίπλα-

186 776 249 834 μαι
268 750 324 835 τὴν
344 750 456 836 ψυχὴν
476 752 531 818 καί
543 753 682 839 ρειθροις
701 752 847 838 δακρύων
861 755 1029 837 περιτίηηιο
1048 754 1120 831 τούς
1141 756 1268 840 ύφθαλ·

157 846 281 934 ὁμούς.
308 845 337 917 d
355 844 422 917 οἷον
440 847 636 934 ἧῬοιμαίαν
657 848 800 919 autrum?
827 854 1008 934 βούλευμα·
1028 848 1054 917 o'i
1071 855 1179 936 πείρας
1210 858 1270 936 μὲν

187 946 418 1035 ἄκριβεστύτης
438 950 512 1034 περὶ
530 950 570 1016 τὰ
590 952 761 1037 πράγματα
791 957 847 1017 καί
866 947 944 1035 ύσην
959 953 1072 1028 ἐκεῖνος
1091 956 1271 1036 novestolo·

186 1047 289 1133 λύγων
301 1052 337 1115 δὲ
350 1048 532 1134 ἕττιστῆμης,
552 1050 693 1136 ποικίλης
712 1054 748 1116 δὲ
770 1055 895 1138 σοφίας,
917 1052 997 1134 κίχοι
1009 1050 1048 1135 dr}
1064 1053 1120 1135 τῆς
1134 1056 1272 1137 θυραίας

187 1150 310 1232 καὶτῆς
322 1148 476 1232 ἡμετέρας
496 1151 615 1233 aeltric·
634 1144 731 1215 ύκαί
745 1149 874 1311 χάριτος
894 1149 1118 1235 ἐαιτροχούσης
1137 1160 1203 1227 τοῖς
1215 1154 1272 1230 μί-

188 1251 258 1312 ima
276 1249 332 1311 καί
345 1244 450 1322 εἴδους
471 1245 529 1312 oria
549 1241 640 1324 ύξίοο
655 1247 790 1333 τοραννί
807 1270 850 1329 ος,
871 1243 915 1324 oie
925 1271 1007 1324 τινες
1026 1251 1177 1331 λέγουσιν,
1189 1247 1270 1314 attat

142 1346 246 1411 ιοκαί
265 1349 430 1428 θειοτέρας
451 1347 508 1411 καί
526 1345 707 1428 κρείττονος.
730 1344 817 1428 ἔγωγ’
833 1337 890 1411 ούν
909 1352 1032 1422 πολλοῖς
1053 1339 1158 1423 ἄλλοις
1172 1370 1271 1431 προσ-

186 1446 358 1529 martirizate
378 1446 491 1519 δεινοῖς
514 1446 549 1508 ἐκ
565 1449 672 1526 μέσων
697 1445 759 1510 τῶν
779 1446 986 1531 ιιορφορύθεν
1000 1444 1197 1529 οιτοργύνοιν,
1225 1447 1271 1526 ούς

186 1537 291 1617 οδτως
310 1543 420 1623 οἰκεῖν,
439 1547 494 1608 καιΙ
512 1543 627 1624 τύχαις
655 1539 840 1628 ἐχρησάμην
860 1544 918 1607 oda
938 1538 1093 1627 ἀγαθαῖς,
1113 1549 1144 1611 εἰ
1161 1543 1204 1629 μη
1223 1570 1271 1625 τις

186 1644 281 1706 θεῖτο
300 1637 401 1723 τύχην
422 1641 478 1704 ode
499 1638 625 1725 α’χαθὴν
643 1642 698 1706 καί
714 1644 967 1726 προομειδιούσύν
989 1666 1045 1724 μοι
1070 1641 1126 1727 τήν
1145 1667 1178 1709 το
1208 1668 1271 1727 χει-

189 1741 331 1823 ναμίνην
364 1736 465 1822 αὐτὴν
485 1742 541 1803 κατ’
558 1737 615 1804 τὸν
634 1734 759 1805 τεκόντα
775 1738 851 1816 τούς
870 1740 1124 1825 αύτοκρύτορας,
1143 1748 1199 1809 καί
1214 1742 1285 1828 τῆν’·

138 1848 180 1915 15
191 1837 364 1923 πορφύραν
383 1838 435 1923 ἐφ’
456 1829 495 1921 ἧς
509 1835 706 1923 ἐβλύοτηοα·
743 1835 788 1923 χοὶ
811 1837 871 1924 γὰρ
900 1830 981 1906 ἄλλα
1002 1843 1068 1928 φεύ
1083 1846 1146 1907 τοῖν
1167 1844 1270 1924 κομύ·

188 1960 273 2016 ταν,
306 1936 369 2021 φεύ
399 1937 461 2000 coir
490 1935 744 2002 ἐπαναοτύστοον.
791 1935 929 2023 Ὀρφεύς
956 1944 1016 2021 μὲν
1037 1934 1094 2005 odo
1113 1933 1200 2028 ᾄδων
1218 1943 1273 2007 καὶ

186 2036 303 2110 λίθους
321 2036 417 2099 διίκεο
437 2030 494 2099 καί
512 2034 591 2113 ξύλα
611 2033 668 2099 καί
686 2034 743 2118 τήν
762 2027 890 2118 ἄψυχον
910 2037 1018 2113 οἱαλῶς
1037 2038 1151 2125 φύσιν,
1177 2039 1273 2123 Τιμί-

130 2118 134 2145 ’
187 2140 263 2209 θεος
283 2134 320 2198 δὲ
347 2130 365 2197 δ
394 2131 535 2218 αύλητῆς
564 2131 630 2197 τύν·
649 2124 762 2216 ύρθιύν
780 2156 857 2199 nore
887 2134 1080 2226 Ἀλεξάνδρῳ
1110 2137 1270 2223 attium,

187 2235 235 2310 τίς
255 2231 294 2297 roi
317 2226 399 2297 ύιτλα
420 2234 618 2318 παραχρῆμα
639 2233 695 2297 καί
719 2229 754 2297 τύ
779 2235 868 2319 ξίφος
888 2236 984 2300 ἐκίνει
1003 2234 1055 2301 τύν
1074 2235 1270 2303 Μακεδόνα·

135 2329 229 2405 ιοτοὶ
252 2335 342 2414 δίχα
362 2335 430 2396 κατ’
449 2333 506 2413 ἐμὲ
528 2331 705 2416 διηγήματα
733 2330 771 2395 ού
790 2328 918 2418 τοκικην
937 2359 1007 2399 τινα
1026 2339 1168 2420 κίνησιν,
1193 2341 1327 2435 oridip,7

186 2429 265 2517 αρός
296 2426 377 2496 inlu
398 2429 453 2496 καί
470 2427 597 2516 μύχην,
617 2431 686 2496 atu
714 2433 748 2506 ἐς
768 2430 890 2517 δύκροα
909 2432 961 2498 τύν
980 2435 1135 2520 α’κροατὴν
1157 2460 1266 2518 σιηαι-

258 2630 280 2664 r.
297 2612 394 2678 ἀνύξοι
411 2614 442 2674 Α,
461 2608 499 2668 dr
518 2609 597 2685 ριἱξοι
614 2612 682 2663 coni.
703 2611 858 2676 Hoeachel„
881 2630 931 2681 ego
950 2611 1109 2687 δναρρηξοι,
1128 2614 1265 2668 lenissime

254 2683 376 2735 Naeliua
401 2679 523 2746 ύνοίξοι,
555 2682 630 2753 quod
650 2682 763 2734 restitui.
893 2687 916 2737 3.
935 2688 1029 2755 supple
1047 2690 1193 2757 γενομένη.
1211 2686 1264 2736 vid.

255 2753 609 2876 qqrpptrppqqqppeplueachel.
627 2754 697 2806 coni.
714 2751 819 2810 τούτων
835 2762 1004 2827 μεμνημένη.
1105 2760 1143 2811 ri.
1163 2755 1215 2828 ἀφ’
1233 2747 1265 2824 ἧς

187 2993 245 3039 οων
263 2985 291 3036 id
301 2986 420 3055 ,exaequi
438 3001 494 3038 non
512 2993 625 3055 poterat,
645 2995 701 3039 turn
720 2988 783 3058 quia
803 3003 819 3039 a
835 2986 915 3038 nobie
933 2986 1136 3057 prohibebatur,
1155 3001 1190 3037 ne
1207 2985 1268 3036 vul-

187 3074 239 3110 nur
258 3056 392 3107 narrando
410 3066 557 3108 renovaret·

256 3126 283 3193 4.
316 3127 383 3177 etthi
412 3143 491 3189 vero,
509 3145 567 3178 curn
593 3128 622 3178 in
648 3128 801 3178 narratione
829 3126 883 3178 huc
901 3141 1039 3194 progressa
1062 3140 1134 3186 eum,
1154 3123 1268 3190 caligine

186 3196 331 3249 obducitur
357 3198 461 3248 anianus
485 3206 513 3248 et
538 3199 704 3249 lacrimarum
728 3199 753 3249 vi
781 3198 851 3248 ocrrli
879 3195 1033 3263 opplentur.
1056 3211 1073 3244 o
1090 3192 1200 3263 qualern
1225 3209 1267 3245 rea

184 3267 296 3338 publica
326 3269 442 3319 Romana
470 3268 589 3337 perdidit
607 3269 779 3319 conciliorum
799 3263 949 3319 auctorem!
973 3280 989 3315 o
1015 3280 1096 3334 quarn
1113 3270 1266 3316 accuratam

186 3354 273 3389 terram
288 3340 481 3407 experientiam
499 3339 546 3389 ille
561 3347 589 3390 et
605 3348 732 3409 quantam
753 3339 807 3389 ribi
824 3333 976 3406 paraverat!
995 3341 1095 3402 quanta
1114 3333 1264 3386 litterarum

184 3410 340 3477 oognitione
361 3418 418 3459 erat
434 3409 561 3478 variaque
579 3408 750 3472 eruditione,
775 3418 803 3459 et
820 3418 957 3459 externam
976 3402 1037 3455 dico
1055 3411 1083 3454 et
1102 3400 1265 3461 nostratem!

184 3488 286 3548 quanta
304 3479 423 3548 denique
438 3480 520 3544 gratia
532 3486 590 3529 toto
603 3495 713 3548 corpore
728 3479 832 3536 ditium,
851 3485 879 3528 et
891 3476 975 3526 torma
986 3491 1041 3525 non
1057 3489 1117 3542 rege
1130 3475 1219 3538 morlo,
1232 3483 1265 3529 ut

183 3550 275 3612 airrnt,
296 3548 393 3617 digna,
411 3547 459 3598 aed
477 3547 592 3599 divinam
605 3548 673 3600 adeo
692 3550 810 3618 spirante
827 3543 1009 3597 maiestatem!
1027 3545 1119 3595 multia
1137 3546 1263 3616 equidem

182 3621 244 3672 aliia
260 3617 487 3671 calamitatibuea
503 3617 606 3680 mediis,
621 3629 650 3670 ut
665 3619 701 3670 ita
712 3619 808 3680 dicam,
826 3615 997 3667 incunabulis
1019 3617 1097 3685 regiis
1111 3616 1263 3670 conflictata

181 3708 242 3743 earn
261 3700 290 3743 et
312 3691 393 3742 rebus
420 3705 466 3740 ura
485 3687 615 3750 adveraie3
636 3689 716 3740 morlo
735 3706 769 3739 ne
787 3688 847 3756 quio
865 3702 914 3756 pro
934 3685 1043 3737 adverae
1070 3685 1189 3758 mihique
1206 3706 1263 3741 non

181 3761 320 3813 arridente
336 3761 443 3811 fortuna
463 3756 556 3820 ducat,
576 3757 649 3826 quod
672 3768 700 3810 et
722 3759 852 3825 genitrice
875 3758 933 3825 ipra
951 3765 979 3809 et
996 3767 1073 3826 patre
1090 3759 1263 3828 imperatori-

179 3831 236 3885 bua
262 3832 291 3882 in
318 3848 436 3901 purpura
468 3838 530 3881 nata
556 3846 621 3878 aum.
640 3829 744 3896 reliqua
769 3827 843 3897 quod
861 3829 977 3891 attinet,
995 3845 1043 3880 vae
1062 3829 1146 3893 milri,
1165 3830 1262 3899 quanti

180 3903 316 3955 maiorum
338 3901 436 3952 fluctus
461 3901 631 3968 impetusque
650 3898 785 3949 subeundi
811 3897 900 3950 eraut!
935 3898 1058 3968 Orpheus
1071 3899 1180 3970 quidem
1198 3917 1263 3951 cau·

179 3973 269 4025 tando
288 3981 316 4024 et
340 3989 403 4022 rana
431 3973 515 4022 movit
541 3977 569 4021 et
587 3970 667 4021 silvae
692 3978 720 4020 et
736 3987 814 4020 aenou
833 3986 939 4038 prorem
964 3980 1099 4023 carentem
1116 3980 1261 4032 naturam,

180 4044 398 4112 Timotheurque
424 4041 541 4105 tibicen,
566 4056 626 4092 cum
645 4038 759 4094 orthiurn
787 4040 859 4109 quod
882 4050 978 4093 vocant
1001 4058 1089 4094 coram
1108 4040 1262 4092 Alexandro

182 4113 324 4183 quondam
343 4111 543 4175 modularetur,
564 4111 633 4162 adeo
662 4112 804 4163 commovit
821 4111 1013 4172 Macedonem,
1030 4121 1062 4163 ut
1079 4128 1151 4161 arma
1168 4108 1263 4160 conte

181 4186 249 4239 atim
266 4192 297 4238 et
313 4182 431 4254 gladium
448 4185 594 4257 arriperet:
611 4183 793 4238 calamitatum
810 4192 897 4236 autem
915 4200 1033 4237 mearum
1052 4180 1186 4234 enarratio
1206 4195 1262 4233 noa
