2798 4898
405 258 618 325 miluus
646 263 722 326 uu.
755 265 825 329 vu.
853 264 886 329 a.
1114 238 1196 353 351

118 412 167 474 οὔ
186 407 308 490 θρόνου
329 409 485 487 ἐξέπεσεν.
528 409 665 494 ἒξείχετο
686 414 722 476 δὲ
741 416 798 477 τοῦ
812 411 929 497 ἀνδρός
949 415 1203 504 δΠαλαιολόγος

118 512 161 574 iet*
179 509 236 574 καί
257 505 475 593 διαφερόντως
499 511 593 592 ε’τίμα
614 509 667 576 διό
690 510 735 597 [ari
761 511 870 597 περιόν
890 508 977 602 αότηῖ
998 521 1053 600 τῆς
1075 519 1200 605 ἀρετῆς.

120 608 170 677 ἴτε
189 603 248 674 ocis
276 608 330 673 διὰ
352 606 411 692 τὴν
430 610 631 695 θερμοτάτην
661 616 767 677 πίστιν
786 612 844 695 την
864 615 910 689 εἰς
932 612 984 679 τὸν
1006 609 1108 698 ἄνδρα
1126 622 1200 682 τοῦ·

118 733 159 774 ὀν
180 705 199 773 ό
220 707 443 791 Παλαιολόγος
462 708 553 785 θείας
574 706 685 792 ἔτυχεν
705 713 913 798 ἐπιφανείας,
936 711 994 778 εἴτ’
1013 708 1089 780 ἀλλο
1108 741 1139 780 τι
1160 711 1200 802 ἦν

122 812 161 891 ἧς
181 810 331 892 προνοίας
357 803 534 892 ἀπόρρητον
559 810 638 874 κατὰ
666 810 794 876 τουτονί
814 809 867 876 τόν
886 815 1039 896 ἀρχιερέα
1064 813 1099 878 τό
1119 840 1197 900 φοι.

118 907 245 990 όμενον,
267 908 325 970 οάκ
346 904 410 989 ἔχω
431 911 539 990 λέγειν.
564 906 752 991 διωκόμενος
772 912 808 976 δὲ
830 910 892 976 ino*
914 915 977 977 τών
988 914 1227 994 Πατζιυόκωνίζ

118 1011 152 1083 lc
170 1004 272 1091 ἑλώδη
283 1003 377 1071 τόπον
391 1008 448 1071 καί
455 1011 621 1094 συνηρεφῆ
635 1009 797 1093 εἰσελθών,
809 1010 1031 1096 περιτυγχάνει
1044 1010 1199 1099 στρατιώ-

118 1132 178 1184 ·αις
199 1103 256 1172 τόν
276 1104 416 1192 ἀριθμόν
436 1101 549 1171 ἑκατόν
578 1105 656 1191 πρός
674 1119 737 1185 τοϊς
758 1110 956 1195 πεντήκοντα.
977 1111 1199 1197 περικυκλοόν-

118 1231 169 1271 ων
188 1204 306 1282 αάτοός
333 1208 395 1271 τών
425 1209 577 1287 Σκοθών,
606 1204 650 1282 ώς
670 1210 704 1273 ἐν
732 1211 895 1298 ἀμηχανίᾳ
926 1208 966 1275 τό
989 1214 1060 1276 κατ’
1080 1213 1199 1289 aitaris

120 1305 231 1390 ώρυν,
260 1303 340 1390 πρὸς
367 1306 537 1382 τοσούτους
569 1305 711 1390 ἀπέχειν
743 1306 789 1393 μη
822 1306 1032 1394 εξισχόοντες,
1063 1316 1120 1396 τῆς
1137 1315 1197 1377 τοῦ

118 1402 335 1487 Παλαιολόγου
365 1401 531 1489 ἀξὴρτηντο
559 1405 706 1492 γνώμης,
734 1404 834 1472 πάλαι
865 1407 979 1474 τούτου
1004 1408 1039 1476 τό
1056 1419 1198 1494 γενναῖον

118 1510 162 1571 ταί
195 1501 421 1571 ἀνατάσειστον
452 1508 506 1590 τῆς
528 1502 652 1591 γνώμης
679 1507 892 1591 γινώσκοντες.
944 1505 1043 1585 αάτός
1060 1512 1098 1574 δὲ
1118 1510 1194 1576 κατὰ

119 1609 165 1670 oie
185 1607 319 1670 Σκυθᾶν
352 1601 493 1689 όρμῆσαι
514 1603 742 1684 συνεβούλευε,
772 1610 828 1692 τῆς
851 1613 920 1673 κατ’
939 1606 1056 1684 αάτοός
1077 1607 1198 1674 παντό-

118 1729 200 1771 ιασιν
219 1698 454 1790 ἀφειδήσαντας
474 1707 638 1791 σωτηριάς,
658 1706 837 1788 κάντεῦθεν,
858 1700 962 1788 οἶμαι,
982 1709 1100 1792 ταύτην
1118 1705 1194 1792 ciari-

118 1808 235 1871 ιασθαι.
288 1802 353 1888 χρὴ
382 1806 418 1869 δὲ
439 1807 482 1869 δι’
504 1800 605 1887 ὅρκων
626 1807 760 1891 ταυτηνί
777 1805 835 1891 τὴν
855 1807 972 1892 βουλήν
994 1811 1194 1890 ἐμπεδώσαι,

118 1902 141 1970 ἀ
160 1904 202 1989 δη
221 1907 279 1969 καί
296 1907 444 1993 γίγαντα)
467 1905 510 1981 ώς
531 1907 699 1990 τηνικαῦτα
716 1908 791 1987 μιᾶς
803 1905 927 1990 γνώμης
946 1905 1094 1973 ἀπόντων
1105 1920 1225 1992 γεγσ-ῐ)

118 2003 225 2086 ότων,
241 2006 297 2089 τῆς
319 2001 397 2069 κατά
420 2008 483 2070 τάν
504 2008 638 2070 Σκυθῶν
666 2004 766 2090 δρμης
793 2008 915 2089 μηδένα
937 2007 1193 2093 ἀπολειφθῆναι,

118 2101 161 2188 ην
180 2108 341 2189 σωτηρίαν
361 2106 417 2168 καί
435 2103 490 2169 τόν
509 2107 652 2169 κίνδυνον
670 2101 753 2170 ἴδιον
773 2100 906 2169 ἕκαστον
928 2109 1146 2190 λογισαμένου.
1176 2104 1193 2171 ό

118 2207 162 2269 ἀν
190 2197 248 2268 cair
276 2200 496 2284 Παλαιολόγος
525 2201 671 2289 σφοδρόν
696 2201 754 2286 τὴν
780 2203 935 2269 ἱππασίαν
963 2202 1192 2288 ποιησόμενος,

118 2304 191 2368 ιαίτι
210 2301 264 2369 τόν
284 2303 373 2391 αάτρῑ
391 2302 523 2386 πρώτως
543 2299 784 2386 ἀπαντήσαντα·
841 2302 857 2365 ό
880 2305 908 2366 δ’
929 2302 1030 2379 sieri(
1050 2307 1192 2369 σκοτοδι-

118 2400 217 2481 κώσας
244 2402 324 2467 κατὰ
346 2407 403 2486 γῆς
423 2401 532 2468 ἔκειτο.
579 2406 641 2469 τών
662 2405 699 2467 δὲ
719 2404 835 2468 λοιπών
854 2401 941 2486 μετά
959 2405 1116 2488 διψυχίας
1134 2403 1192 2489 τὴν

175 2573 200 2626 5.
218 2561 268 2627 τόν
287 2587 339 2623 om.
358 2573 389 2624 Δ.
478 2572 505 2626 6.
525 2569 578 2627 οὖν
604 2573 657 2644 ἔχω
677 2573 837 2643 Mysorum.
857 2571 887 2625 C.
979 2568 1035 2627 ἀπὸ
1051 2572 1108 2629 τών
1127 2588 1193 2627 osv·

172 2643 236 2698 θών
255 2645 296 2727 ll.⁸
390 2662 418 2712 9.
436 2637 552 2703 αάτοίιςε
574 2645 605 2699 δὲ
623 2636 709 2699 αὐτόν
726 2645 757 2697 Α.
875 2643 913 2712 ιδ.
935 2640 1141 2717 ἀφειδήσαντες
1158 2646 1191 2697 G.

173 2709 253 2839 'pipss
267 2715 300 2781 δη
319 2718 368 2769 ναί
383 2718 500 2788 γέγονεν
517 2732 570 2766 om.
590 2715 620 2769 C.
692 2730 735 2767 ao,
754 2711 971 2772 δπαντιάσανῐα
987 2716 1018 2768 Α.
1088 2716 1114 2770 δ’
1131 2715 1192 2779 AG,

118 2946 185 3002 upra
203 2931 381 2991 narravimus,
398 2929 467 2981 mata
485 2928 537 2981 albi
555 2929 689 2980 contraxit
707 2926 860 3000 tlrroaoque
879 2928 986 2982 excidit
1017 2927 1193 2997 palaeologus

120 3011 196 3054 utem
215 3010 346 3072 perpetuo
364 3000 503 3071 amplexus
522 3010 563 3053 est
578 2998 712 3050 hominem
731 3006 759 3051 et
779 2999 925 3069 praecipue
943 3008 1054 3071 propter
1070 3016 1193 3062 ammas,

118 3073 206 3144 quibus
232 3071 400 3133 excellebat,
432 3073 544 3124 virtutes
573 3070 666 3121 coluit
694 3076 782 3121 utrum
800 3071 881 3136 igitur
897 3078 1007 3139 propter
1024 3070 1192 3121 ferventissi-

118 3162 174 3195 nam
193 3144 347 3211 palaeologi
366 3159 427 3211 erga
452 3143 525 3194 hunc
553 3138 739 3194 simulitum
762 3139 870 3192 divinae
887 3141 1065 3211 apparitionis
1081 3154 1139 3190 cona
1161 3157 1191 3191 os

118 3224 194 3268 actus
214 3216 267 3275 sit,
284 3231 318 3266 nn
336 3213 421 3264 aliud*
436 3214 519 3266 luerit
541 3210 728 3282 providentiae
755 3211 896 3263 consilium
913 3228 1054 3273 arcanum,
1070 3227 1125 3280 quo
1163 3211 1192 3262 in

118 3304 158 3339 roe
180 3284 319 3337 sacerdote
337 3285 437 3346 eluxit,
459 3302 515 3336 nou
532 3283 619 3335 habeo
638 3281 735 3334 dicere.
782 3282 926 3333 patainacis
944 3281 1027 3349 igitur
1044 3282 1191 3352 insequen-

117 3358 198 3419 ibas,
217 3374 276 3408 cum
295 3356 470 3423 palaeologus
487 3356 516 3406 in
533 3356 679 3425 palustrem
697 3371 727 3404 nc
745 3353 902 3405 fruticosum
918 3352 1007 3404 locuin
1025 3350 1131 3403 delatus
1149 3368 1192 3403 ea-

117 3437 164 3489 et,
184 3428 284 3480 milites
313 3426 352 3477 ibi
377 3426 490 3478 offendit
518 3434 625 3478 centurn
651 3434 679 3476 et
704 3423 906 3496 quinquaginta.
936 3421 964 3473 hi
982 3423 1192 3475 circumventio

118 3497 230 3567 lcytlria‚
258 3515 318 3550 cum
345 3499 373 3550 in
392 3496 528 3563 angustias
552 3496 682 3548 adductos
708 3513 737 3547 se
756 3512 813 3549 esse
839 3501 993 3555 cernerent,
1023 3491 1096 3565 quod
1114 3501 1192 3546 tanta

118 3569 267 3637 icytharum
283 3585 396 3621 numero
413 3570 527 3637 impares
545 3577 638 3629 erant,
657 3583 689 3619 ex
707 3565 860 3632 palaeologi
886 3565 999 3618 consilio
1017 3563 1191 3635 pendebant,

118 3644 185 3694 :nius
204 3639 305 3692 dudum
333 3639 521 3692 fortitudinem
546 3639 683 3709 animique
712 3637 889 3708 praesentiam
906 3642 1096 3703 cognoverant.
1122 3636 1192 3688 isut

118 3730 154 3765 ua
180 3713 298 3834 quisque
325 3711 412 3765 salute
439 3711 563 3779 neglecta
580 3711 608 3762 in
626 3707 737 3776 Scythas
764 3708 971 3770 inveherentur,
989 3707 1093 3777 talique
1110 3706 1192 3759 morlo

118 3785 188 3835 itam
215 3800 243 3835 re
263 3785 396 3845 imerent,
418 3783 508 3834 suasit
536 3780 583 3832 sed
611 3779 797 3840 iureiurando,
834 3778 862 3829 in
882 3779 938 3840 uit,
964 3779 1113 3830 confirmari
1138 3777 1192 3829 hoc

121 3856 251 3907 onailium
265 3862 382 3925 oportet,
400 3852 487 3924 (quod
505 3854 586 3904 etiarn
600 3850 761 3920 factumest)
781 3858 811 3901 ut
828 3796 922 3901 εοδεια
941 3847 974 3899 ab
984 3848 1108 3902 omnibus
1126 3866 1193 3902 con·

118 3927 168 3978 ilia
195 3926 282 3989 inito,
311 3942 389 3977 nemo
418 3926 448 3975 in
472 3925 573 3993 impetu
602 3922 727 3973 adversus
752 3918 862 3986 Scythas
886 3919 1010 3972 faciendo
1038 3919 1125 3984 desit,
1145 3917 1191 3971 sed

118 3998 226 4049 mnium
240 4005 268 4048 et
285 3998 437 4047 salutemet
454 3996 599 4064 periculum
616 3993 795 4044 (locaturum.
812 3989 965 4043 vehementi
983 3992 1065 4060 igitur
1080 3993 1192 4061 impres·

119 4070 185 4119 lone
204 4068 290 4129 lacta,
312 4068 485 4134 palaeologus
513 4067 626 4135 primum
653 4064 699 4134 qui
727 4062 842 4114 occurrit
858 4063 993 4132 percutit,
1014 4072 1045 4114 ut
1060 4061 1191 4128 vertigine

119 4146 265 4211 orreptus,
290 4139 380 4192 statim
411 4145 564 4203 corrueret,
593 4136 690 4196 ceteri,
715 4140 851 4187 contracto
873 4135 964 4189 animo
987 4133 1121 4205 aggressi,
1143 4131 1190 4181 alii
