2798 4898
502 309 740 376 munnam.
1061 309 1155 370 xntx

70 467 162 543 fieri,
183 468 298 548 Regem
328 464 540 528 Baldewinunn
570 487 602 528 se
632 466 708 528 velte
735 466 891 529 honorare
910 473 943 529 et
963 486 1076 530 amare.
1120 467 1153 525 ln

75 567 185 628 eadem
208 565 361 649 legatione
390 566 431 626 ab
452 566 643 648 imperatore
665 566 821 628 decretum
840 575 906 643 est,
926 574 962 627 nt
979 565 1153 648 Episcopus

72 667 298 731 charcinonn
319 689 390 730 cum
412 667 497 750 apud
512 668 684 728 Romanum
706 669 799 728 Pont.
819 668 1003 741 pecuum,
1025 666 1064 728 de
1085 674 1152 727 tra-

71 769 192 832 ditione
209 768 268 830 sihi
291 767 433 852 imposita
453 778 619 831 excusaret.
661 767 727 829 Sed
738 767 947 850 praevaluisse
966 768 1152 851 suspiciones,

71 869 320 954 exaequantes
340 876 480 953 apparet.
522 869 597 930 Can.
617 889 720 929 xnvnr.
734 867 927 948 Eugeiradns
946 875 1046 930 autem
1066 867 1151 928 miles

71 968 197 1051 quidam
216 969 250 1030 in
281 970 446 1031 Ierusalem
472 978 630 1052 repertus,
652 968 832 1030 muneribus
852 969 968 1049 magnis
991 967 1030 1026 ab
1049 967 1150 1049 lmpe.

71 1077 180 1131 catone
201 1069 390 1148 honoratus,
420 1069 503 1131 bona
539 1069 651 1131 nuncia
680 1067 864 1151 reportavit,
884 1075 917 1128 et
937 1067 1102 1128 amicitiam
1120 1076 1152 1130 ct

69 1168 164 1230 iidem
183 1170 259 1252 Regi
282 1168 459 1232 Baldewino
471 1171 694 1252 Imperatorem
714 1167 792 1230 velle
812 1169 988 1247 observare,
1008 1176 1041 1230 et
1059 1190 1151 1250 perc.

69 1269 176 1350 grinos
196 1293 258 1332 non
281 1269 362 1332 ultra
383 1269 552 1332 offendere.
594 1267 655 1332 Sed
668 1269 836 1351 Episcopus
856 1268 1079 1351 aliquantutum
1101 1290 1152 1332 ra·

70 1371 151 1432 nisus
172 1380 219 1432 est
239 1369 436 1457 Imperatori,
459 1378 591 1452 propter
613 1368 825 1430 infidelitatem
845 1369 1042 1451 ergaGaltos,
1058 1392 1150 1453 quam

66 1470 108 1533 ab
130 1491 169 1532 eo
188 1470 329 1533 extorsit.
381 1471 586 1552 Quapropter
612 1469 644 1529 in
676 1468 880 1531 amaritudine
910 1469 1004 1530 animi
1022 1471 1151 1532 Romam

68 1569 211 1650 tendens,
232 1572 332 1652 ipsum
342 1572 568 1653 Imperatorem
587 1570 766 1632 criminatus
787 1555 840 1632 est⁰
853 1572 885 1631 in
909 1572 1034 1632 ecclesia
1052 1573 1149 1632 Bcnc.

67 1679 226 1748 uentano,
247 1679 280 1732 et
309 1670 381 1733 idco
409 1670 568 1752 assumptis
592 1669 700 1732 titteris
731 1670 822 1753 ipsius
842 1670 1024 1754 Apostolici,
1044 1675 1149 1756 queri.

68 1770 177 1830 monia
198 1770 299 1852 gravis
325 1767 407 1852 apud
431 1790 536 1834 omnes
564 1770 722 1856 Principes
742 1770 859 1833 Galliae
887 1793 977 1856 snper
999 1774 1064 1856 ipso
1085 1776 1148 1836 lm-

65 1879 221 1953 peratore
241 1869 323 1932 sacta
343 1878 396 1934 ost·
689 1874 698 1893 ³
729 1902 732 1907 ·
